2648 4844
642 320 684 380 65

139 486 233 562 πόλιν
254 486 434 576 ἀτείχιστον
461 490 618 577 οἰκοῦμεν.
633 492 658 582 ¹)
691 495 838 580 Cumque
865 497 910 560 ita
931 498 1135 579 ostendisset,
1163 521 1180 563 e

139 630 248 673 rerum
270 617 384 670 natura
403 627 531 669 necesse
551 628 641 686 esse,
663 620 701 672 nt
720 629 804 693 quae
826 608 1019 689 habeamus,
1049 613 1181 677 amitta-

137 743 208 784 mus
226 731 354 804 postea,
373 731 409 782 ut
429 718 508 781 adeo
526 719 655 783 tandem
673 742 757 783 mors
777 723 867 785 nohis
887 724 927 787 sit
938 723 1103 802 obeunda,
1123 723 1180 788 do·

139 834 241 898 euisse
263 831 378 895 deinde
398 831 525 895 videtur
546 854 698 911 sororem,
718 845 754 896 ut
772 856 841 897 eam
861 835 900 897 dc
927 836 1097 900 immaturo
1122 837 1180 900 filii

138 947 229 1010 obitu
259 945 497 1022 consolaretur,
527 946 623 1008 vitam
641 947 768 1010 beatarn
786 968 850 1010 non
871 948 911 1010 ah
932 948 1000 1011 eius
1019 948 1181 1013 diuturni·

138 1071 203 1124 tate
232 1057 392 1144 pendere,
421 1058 512 1121 seda
532 1058 641 1136 bonis,
674 1060 791 1144 quihus
821 1061 854 1122 in
883 1062 944 1124 vita
964 1062 1180 1146 gaudeamus:

138 1162 179 1235 ori
198 1173 367 1256 μοκαριεῖς
387 1159 443 1233 nir
465 1158 612 1256 γέροντα,
639 1161 713 1233 καθ’
739 1163 816 1235 ὅσον
843 1162 1010 1258 γηράσκων
1030 1172 1181 1258 τελευτᾷ,

138 1270 204 1343 ἀλλ’
230 1276 260 1343 ei
279 1282 349 1351 τοῖς
371 1270 511 1362 ἀγαθοῖς
534 1269 827 1365 σομπεπλὴρτοταο·
857 1278 947 1344 ἕνεκα
973 1273 1034 1368 γὰρ
1062 1271 1180 1367 χρόνου

137 1380 359 1470 adversionis
378 1379 547 1474 iidorqor.²)
572 1391 683 1474 Neque
693 1390 811 1454 oblitus
820 1403 866 1454 est
875 1391 1073 1456 Metrodorus
1082 1394 1116 1455 in
1126 1393 1183 1458 illa

138 1501 272 1586 epistola
288 1501 471 1585 praecepti,
488 1501 575 1588 quod
593 1503 769 1567 tradiderat
783 1504 963 1589 Epicurus,
977 1506 1182 1570 minuendam

137 1635 205 1677 esse
225 1612 479 1699 aegritudinem,
510 1626 574 1678 tam
592 1617 777 1679 avocatione
795 1639 813 1680 a
830 1618 1000 1702 cogitanda
1019 1620 1180 1698 molestia,

138 1748 236 1813 quam
248 1727 449 1790 revocatione
459 1728 499 1791 ad
509 1729 769 1813 contemplandas
781 1731 970 1814 voluptates.
994 1732 1081 1794 Haec
1097 1732 1181 1794 enim

138 1840 208 1904 eius
226 1841 382 1903 sententie
400 1864 419 1904 a
440 1842 561 1905 Seneca
582 1842 751 1906 laudatur:
779 1843 939 1925 μιχθεῖσα
955 1832 1051 1930 ἡδονὴ
1067 1835 1184 1928 digesto

138 1973 188 2025 τις
210 1941 271 2038 γάρ
294 1948 375 2029 tort,
407 1970 459 2015 σοι
481 1949 539 2033 μὲν
567 1943 701 2040 ζητητέη
728 1944 809 2016 sosoi
834 1951 949 2016 τοῦτον
975 1946 1031 2015 τόν
1057 1943 1182 2039 καιρόν,

139 2084 203 2149 qua
227 2050 385 2126 intellexit
403 2063 517 2148 procul
537 2063 635 2127 dubio
655 2064 840 2126 memoriam
858 2085 985 2142 eorum,
1005 2086 1085 2148 quos
1102 2062 1181 2127 ami-

138 2177 235 2253 seris,
273 2198 449 2261 corumque
469 2199 651 2240 sermonum
670 2200 708 2241 ac
728 2177 855 2261 pictatis
874 2175 1138 2240 recordationem.
1152 2172 1179 2261 θ)

139 2289 225 2370 Quid
244 2301 352 2352 autom
378 2301 542 2374 praeterea
561 2289 600 2353 a'd
620 2289 845 2354 consolandam
862 2309 1003 2352 sororem
1019 2286 1182 2366 attulerit,

138 2404 324 2488 ignoramus
339 2384 456 2481 hodie,
482 2426 585 2489 quum
606 2403 739 2488 epistola
762 2401 819 2465 illa
837 2401 878 2464 ab
900 2423 963 2463 uno
985 2411 1109 2464 tantum
1125 2400 1181 2463 Se·

140 2539 220 2580 neca
243 2515 413 2596 laudetur3
447 2517 601 2601 suspicari
622 2537 695 2579 vero
717 2515 811 2592 licet,
825 2514 925 2576 multa
944 2535 1018 2576 eurn
1040 2524 1072 2576 et
1088 2533 1180 2597 prae·
1244 2561 1254 2579 .

139 2631 227 2695 clara
245 2629 293 2692 his
319 2629 495 2708 addidisse,
526 2652 628 2715 quum
646 2630 833 2693 felicitatem
852 2637 1021 2704 statueret,
1042 2625 1142 2709 magis
1162 2646 1180 2688 a

140 2745 231 2807 nobis
250 2744 343 2827 ipsis,
362 2766 459 2830 quam
477 2767 493 2807 a
514 2745 640 2807 fortuna
661 2742 819 2827 pendere,
833 2737 858 2824 ⁴)
892 2738 1100 2824 eiusdemque
1118 2738 1182 2802 hoc

178 3079 207 3142 1)
244 3078 312 3127 Stoh.
331 3078 400 3127 Flor.
417 3078 457 3127 tit.
471 3075 530 3139 118,
546 3074 588 3126 33.

177 3172 208 3237 2)
244 3168 592 3239 seoh.tbid,tit.116‚42.

177 3265 203 3327 3)
239 3268 334 3315 Seneca
350 3266 436 3328 Epist.
450 3263 483 3312 39
492 3265 513 3329 5.
524 3262 565 3311 22.
585 3264 679 3311 Graeca
692 3261 768 3310 rerba
781 3261 969 3325 displicuerunt
982 3258 1182 3323 interpretibus,

134 3336 189 3424 ¹qui
208 3360 306 3422 aliquid
325 3359 446 3407 excidisse
462 3364 572 3423 putant,
597 3362 731 3420 propterea
749 3354 817 3416 quod
836 3354 905 3401 illam
923 3351 1075 3400 sententium
1090 3353 1183 3402 deinde

142 3455 275 3518 impugnat
300 3455 409 3514 Senecu,
432 3453 493 3499 licet
518 3451 602 3515 paullo
626 3449 742 3513 superius
769 3448 782 3511 ᾗ
807 3446 840 3495 18
864 3445 970 3493 eandem
995 3444 1181 3506 collaudasset,

142 3548 244 3596 dicens:
261 3549 329 3593 inest
344 3547 465 3609 quiddam
480 3546 555 3592 dulce
566 3547 710 3605 tristitiae,
727 3556 802 3605 quern
814 3545 950 3586 occurrunt
961 3552 1086 3584 semones
1099 3551 1183 3583 eonem

134 3641 266 3708 Juoundr',
283 3642 441 3687 corruersotio
454 3641 560 3700 hilaris,
577 3637 685 3701 officiose
694 3636 795 3698 pietas,
806 3639 866 3680 tune
882 3632 951 3679 oculi
960 3633 1032 3678 velut
1044 3632 1073 3677 in
1082 3628 1183 3695 gaudio

143 3736 302 3782 relocarentur.

103 3853 106 3859 ·
179 3826 204 3890 ⁴1)
241 3828 297 3877 vid.
314 3827 393 3877 1'lcin.
415 3827 484 3873 Alex.
502 3824 622 3872 2Strom.
640 3841 664 3888 p.
680 3821 743 3884 417,
760 3822 805 3884 qui
823 3821 878 3867 eins
891 3819 984 3866 librum
1001 3817 1086 3863 laudat
1109 3804 1184 3885 Περὶ

144 3920 199 3980 τοῦ
224 3917 346 3998 μείζονα
375 3913 445 3979 εἶναι
471 3911 526 3998 τήν
552 3909 620 3997 παρ’
646 3909 727 3996 ἡμᾶς
753 3911 849 3974 αἰτίαν
875 3905 951 3993 πρός
982 3905 1182 3987 εὐδαιμονίαν,

144 4022 200 4101 τῆς
223 4019 254 4081 ἔκ
275 4022 335 4082 τῶν
357 4012 546 4100 πραγμάτων,

974 4119 993 4178 ὅ
