2648 4844
641 298 761 391 22‘

139 515 202 577 fert
224 515 309 576 enim
328 514 485 597 Diogenes
503 512 665 587 Laertius,
689 510 908 573 Democritum
930 511 1181 589 moribundum,

140 639 178 690 ut
200 626 434 712 gratificaretur
456 625 577 702 sorori,
606 645 689 707 quae
711 624 744 684 in
762 623 843 685 festo
870 623 991 686 Cereris
1015 635 1086 687 vota
1103 624 1184 688 deae

141 741 262 803 solvere
286 740 398 816 vellet,
422 739 551 801 naribus
571 737 746 806 admovisse
766 759 862 820 panes
882 736 1001 799 calidos
1020 748 1119 822 atque
1139 741 1183 803 ita

77 905 80 910 .
141 855 237 916 vitam
265 875 322 936 per
351 865 414 915 tres
442 851 509 914 dies
533 871 681 914 servasse.
727 849 846 931 Adjicit
878 860 1005 912 autem:
1042 846 1116 912 ἐπεὶ
1147 847 1184 914 δὲ
1220 883 1222 888 ·

141 964 316 1052 παρῆλθον
339 962 373 1029 αἱ
394 955 521 1051 ἡμέραι,
545 952 733 1026 ἀλυπότατα
758 954 814 1027 τόν
838 960 910 1042 βίον
932 951 1113 1047 προήκατο,
1138 952 1183 1034 ὥς

142 1094 243 1163 φησιν
257 1067 443 1162 Ἵππαρχος.
462 1073 487 1162 ¹)
536 1077 687 1157 Quamvis
709 1085 817 1138 autem
843 1097 907 1138 non
929 1074 1084 1152 addatur,
1109 1074 1183 1159 quis

141 1188 198 1250 ille
227 1188 344 1266 fuerit,
377 1200 483 1251 tamen
516 1213 592 1254 curn
624 1190 744 1252 mentio
776 1188 830 1252 fiat
866 1190 946 1254 vitae
984 1189 1183 1273 quietissime

141 1316 249 1380 actae,
291 1302 324 1365 id
358 1302 397 1366 ad
430 1305 652 1389 Hipparchum
684 1303 921 1388 Pythagoreum
952 1305 1114 1388 pertinere
1149 1304 1181 1365 in

143 1417 279 1500 eiusque
301 1416 383 1478 libro
406 1414 485 1502 περὶ
511 1408 674 1496 εὐθυμίας
689 1417 786 1479 fuisse
803 1416 940 1482 ridetur.

629 1612 701 1695 §2-
751 1625 753 1631 ’

366 1745 491 1824 Plato,
523 1744 721 1831 Xenophon,
749 1746 959 1811 Xenocrates.

186 1885 257 1948 Fuit
276 1883 357 1947 haec
378 1885 502 1947 Platoni
524 1885 653 1968 propria
675 1885 921 1969 philosophandi
945 1885 1046 1962 ratio,
1085 1907 1181 1969 quam

52 1981 54 1986 ⁵
142 2009 312 2082 acceperat
329 2021 347 2061 a
366 1998 513 2076 Socrate,
538 2009 573 2061 ut
592 1999 726 2061 interius
745 2000 923 2083 inquireret
941 1999 975 2060 in
997 1999 1094 2062 animi
1116 1999 1182 2062 hu-

141 2113 225 2175 mani
260 2110 451 2189 facultates,
483 2119 579 2195 atque
614 2112 719 2174 omnia
751 2111 790 2175 ad
823 2111 984 2175 homiuem
1020 2112 1181 2190 referens,

140 2224 240 2309 ipsius
262 2224 402 2287 indolem
433 2224 602 2287 emendare
634 2246 772 2309 eiimque
805 2226 844 2288 ad
876 2226 973 2288 vitam
1002 2246 1076 2287 vere
1108 2226 1183 2290 bea-

141 2351 205 2402 tam
227 2338 382 2423 agendam
409 2338 540 2401 ducere»
555 2339 722 2404 niteretur.
764 2339 858 2420 Quod
888 2353 989 2423 quum
1011 2350 1092 2402 esset
1114 2340 1184 2412 eius

140 2453 329 2536 primarium
359 2452 575 2535 propositum,
606 2452 677 2514 fieri
705 2475 769 2515 non
798 2452 927 2536 potuit,
962 2452 1041 2537 quin
1072 2452 1185 2516 sedare

141 2565 238 2627 animi
270 2565 527 2648 perturbationes
560 2554 746 2651 animosque
779 2576 889 2628 contra
920 2566 1067 2629 fortunae
1100 2567 1183 2630 mala

143 2678 334 2740 confirmare
357 2677 509 2755 studeret.
551 2679 719 2741 Rationem
741 2679 825 2741 enim
848 2702 865 2742 a
887 2679 956 2741 Diis
981 2678 1087 2742 datam
1117 2701 1185 2742 esse

141 2790 263 2853 homini
285 2790 438 2870 docebat,
464 2814 527 2876 qua
550 2792 760 2875 cupiditates,
790 2792 954 2869 dolorem,
986 2803 1107 2854 metum
1130 2815 1183 2856 re-

142 2903 313 2988 primeret,
336 2904 534 2988 quicumque
547 2887 628 2967 ¹vcro
647 2905 733 2968 illius
753 2906 925 2990 imperium
944 2927 1007 2967 non
1029 2927 1183 2991 agnosce-

142 3029 235 3096 rent,
263 3040 396 3080 munere
417 3017 473 3079 illo
496 3017 603 3080 divino
627 3039 693 3081 esse
714 3018 869 3104 indiguos
885 3041 923 3082 ac
944 3020 1062 3082 servire
1086 3021 1184 3104 cupi-

141 3129 304 3194 ditatibus.
329 3130 384 3193 His
395 3130 494 3214 igitur
506 3141 541 3192 ut
559 3131 790 3225 opitularetur,
809 3131 1043 3216 aegritudinem
1055 3133 1183 3196 auferre

142 3243 192 3303 vel
214 3243 358 3305 minuere
380 3264 498 3328 eosque
529 3243 568 3307 ad
596 3245 762 3328 pristinam
789 3246 887 3308 animi
916 3245 1184 3331 tranquillitatem

142 3355 297 3419 reducere
316 3357 470 3421 tentabat.
494 3358 582 3419 Licet
599 3369 707 3421 autem
725 3358 974 3421 consolationem
988 3359 1120 3444 proprie
1138 3361 1184 3424 sic

141 3469 275 3548 dictam,
298 3491 362 3531 non
379 3472 621 3555 conscripserit,
646 3471 756 3555 quales
773 3472 828 3535 alii
845 3472 1046 3557 philosophi,
1066 3474 1100 3535 in
1117 3475 1184 3558 pri·

141 3584 199 3646 mis
220 3585 372 3662 Crantor,
397 3584 629 3663 condiderunt,
650 3586 694 3648 ita
710 3596 815 3649 tamen
833 3587 868 3649 iu
889 3587 1014 3670 scriptis
1034 3588 1098 3649 suis
1119 3588 1184 3674 egit

176 3770 200 3835 l)
236 3774 307 3834 Dicg.
321 3775 402 3821 Laert.
420 3775 462 3822 IX.
482 3772 522 3821 43.
543 3775 671 3842 Meuagius
686 3775 717 3822 ad
733 3776 759 3823 h.
776 3775 793 3824 l.
810 3777 965 3824 mentionem
984 3777 1045 3824 facit
1066 3777 1097 3825 de
1122 3778 1185 3842 Ilip-

142 3867 235 3930 paroho
249 3866 404 3914 nobilissimo
422 3869 615 3932 mathematico,
636 3871 740 3919 dubitat·
753 3887 812 3918 vero
828 3888 860 3918 an
872 3871 915 3918 hic
936 3872 982 3933 sit,
999 3887 1075 3933 quem
1085 3872 1185 3933 signifi·

142 3959 237 4006 caverit
249 3960 376 4022 Laertius,
395 3961 481 4023 itaque
496 3978 549 4009 rem
561 3964 670 4028 amplius
683 3966 861 4032 inquirendam
877 3970 980 4027 censet,
1000 3981 1080 4028 quum
1098 3970 1137 4013 tot
1152 3966 1186 4013 ab

141 4052 252 4116 antiquie
267 4059 440 4101 memorentur
453 4054 603 4118 Hipparchi.
739 4039 743 4045 ’
