2648 4844
648 321 690 382 73

139 492 197 567 τὸν
218 497 316 586 φίλον
338 490 396 561 oo'n
418 487 603 581 ἐκτησάμην·
626 489 714 582 iidata
735 491 785 559 ὅτι
805 488 861 581 τὴν
882 499 1024 579 γυναῖκα,
1054 499 1183 579 γυναῖκα

141 604 275 696 εἶχονῑ)
312 612 417 691 Quam
435 610 639 686 sententiam,
665 610 787 671 etiamsi
804 630 869 670 non
884 606 1039 685 addatur,
1064 609 1098 671 in
1116 630 1182 694 quo
1248 660 1251 665 .

140 724 285 788 Panaetii
307 724 389 786 libro
410 723 525 799 inerit,
550 733 656 784 tamen
685 720 725 784 ad
753 723 820 783 eius
849 722 1002 804 scriptum
1025 721 1069 784 de
1083 723 1179 784 animi

139 837 374 924 tranquillitate
397 834 597 908 referendam
616 856 701 912 esse,
722 835 793 917 plus
815 855 912 918 quam
934 834 1099 919 probabile
1111 844 1177 911 est,

140 972 244 1035 quum
263 951 419 1034 Diogenes
440 947 601 1026 Laertius,
632 948 818 1011 Panaetium
848 948 882 1009 in
910 947 1015 1025 libro,
1045 946 1085 1009 de
1114 968 1180 1031 quo

139 1063 405 1150 nunc-agimus,
440 1062 645 1145 Anaxagorae
676 1059 758 1123 illud
788 1059 910 1122 dictum
937 1081 1105 1144 usurpasse
1131 1059 1179 1122 di-

139 1187 224 1238 serte
248 1186 384 1239 moneat.
398 1171 428 1259 ²)‘
470 1174 616 1238 Alterum
648 1175 714 1236 eius
747 1174 993 1236 consolatorium
1026 1174 1181 1256 scriptum

138 1298 353 1366 memoratur,
375 1286 508 1370 epistola
526 1287 565 1350 ad
586 1287 624 1367 Q.
650 1285 910 1349 Tuberonemde
931 1284 1041 1348 dolore
1057 1286 1179 1370 patien-
1217 1290 1219 1296 ’

139 1399 203 1478 do,
236 1399 276 1462 de
304 1421 369 1485 qua
395 1401 439 1463 ita
457 1401 585 1465 Cicero:
619 1399 826 1477 Panaetius,
849 1421 925 1461 cum
949 1398 996 1461 ad
1017 1400 1055 1484 Q.
1081 1397 1182 1461 Tube·

139 1535 258 1575 runem
283 1512 323 1575 dc
350 1513 464 1576 doloro
484 1511 648 1596 patiendo
670 1512 850 1590 scriberet,
874 1511 962 1598 quod
986 1535 1054 1574 esse
1077 1523 1180 1596 caput

139 1624 292 1705 debebat,
315 1629 349 1689 si
360 1627 507 1710 probari
518 1638 651 1710 posset,
674 1648 850 1711 nunquam
868 1628 1006 1709 posuit,
1028 1648 1095 1687 non
1114 1647 1181 1689 ceso

139 1739 273 1804 malum
291 1738 461 1817 dolorm,-
482 1740 541 1802 aed
563 1738 649 1826 quid
672 1752 756 1802 essct
778 1753 809 1802 ct
833 1739 934 1824 quale
950 1751 1181 1824 quantumque
1210 1821 1216 1832 ·

139 1855 179 1916 in
204 1877 239 1916 co
262 1855 388 1916 inesset
414 1854 541 1933 alieni,
580 1852 697 1916 deinde
732 1876 816 1939 quac
841 1855 936 1916 ratio
961 1866 1044 1916 essct
1064 1849 1181 1937 perfo-

140 1962 284 2053 νεών)
321 1966 416 2047 Quod
436 1988 538 2051 quum
558 1967 602 2030 ita
622 1968 679 2045 sit,
704 1967 833 2029 minime
854 1966 1055 2043 dubitamus,
1081 1966 1178 2048 quin,

138 2079 173 2140 in
193 2077 255 2143 bac
277 2080 429 2164 epistola,
471 2080 639 2143 Panaetius
676 2080 870 2142 mentionem
902 2099 1031 2164 quoque
1066 2077 1179 2140 fecerit

139 2191 298 2257 Crantoris
324 2192 400 2255 libri
426 2191 466 2254 de
488 2191 601 2270 luctu,
625 2192 766 2277 indeque
787 2190 1177 2268 nonnulla'desumserit,

140 2325 263 2388 quum,
288 2314 368 2367 teste
397 2304 569 2383 Cicerone,
604 2303 692 2369 hunc
718 2286 866 2368 libellum
891 2303 932 2368 ad
960 2303 1092 2367 verbum
1111 2302 1178 2366 edi·

140 2416 296 2481 scendum
316 2418 477 2481 Tuberoni
495 2420 705 2502 praeceperit.
719 2416 742 2504 ⁴)
768 2419 839 2499 Qua
859 2439 935 2481 vero
957 2419 1079 2481 ratione
1102 2439 1178 2481 con-

140 2530 328 2594 solationem
356 2531 551 2610 instituerit,
586 2531 703 2616 quidve
732 2532 773 2595 ad
799 2531 1008 2596 minuendum
1034 2531 1178 2594 dolorem

139 2644 321 2722 monuerit,
354 2655 442 2708 certo
461 2644 525 2708 diei
544 2646 679 2731 nequit3
704 2656 826 2709 constat
847 2665 939 2724 vero,
963 2666 1037 2707 eum
1057 2645 1179 2728 impro-

138 2754 229 2820 basse
248 2769 449 2821 caeterorum
465 2758 647 2822 Stoicorum
673 2746 839 2820 ἆπαθεὶαν
869 2768 900 2820 et
928 2746 1135 2844 ἀναλγησίαν,
1149 2750 1175 2841 ⁵)

139 2868 278 2954 ideoque
307 2869 548 2934 humanioribus
581 2869 790 2956 quibusdam,
816 2891 911 2954 quam
938 2871 1100 2953 reliquos,
1126 2892 1177 2933 ar·

141 2982 301 3066 gumentis
330 2983 364 3044 in
396 2983 588 3048 consolando
615 3006 708 3046 usum
737 2983 843 3046 fuisse.
889 2982 1038 3045 Animum
1069 2992 1177 3044 autem
1212 3008 1217 3014 ·

139 3095 305 3159 mortalem
332 3094 488 3170 habebat,
524 3097 611 3180 quod
638 3096 852 3180 probaturus,
888 3093 1046 3179 quidquid
1069 3104 1176 3155 natum

172 3362 199 3430 1)
235 3367 302 3415 orus.
321 3358 389 3441 περὶ
404 3356 564 3440 αόργησίας
580 3387 604 3436 p.
622 3367 672 3415 rea
690 3369 718 3416 o.
735 3375 761 3416 a
780 3386 805 3435 p.
823 3365 873 3415 474
889 3370 915 3415 r.
936 3367 974 3418 or.
1000 3370 1054 3427 van
1073 3367 1176 3430 aynan

141 3461 216 3524 Disp.
228 3460 259 3508 dc
274 3461 398 3510 Panaetio
414 3479 438 3527 p.
452 3461 510 3510 115.

174 3552 200 3616 2)
236 3554 306 3616 Diog.
325 3557 404 3603 Lairt.
423 3556 463 3605 tt.
482 3553 522 3602 20.
839 3606 841 3610 ,
1254 3610 1262 3618 „

174 3644 200 3709 8)
237 3646 291 3698 cie
311 3648 343 3695 da
359 3649 434 3696 Fine.
455 3648 496 3715 lv:
508 3647 540 3696 49.
560 3650 605 3697 llic
620 3649 692 3696 locus
707 3650 774 3709 fugit
789 3649 955 3712 Lyndennm,
971 3647 1016 3711 qui
1032 3663 1057 3712 p.
1071 3643 1120 3693 116
1133 3648 1176 3694 Fa-

140 3739 249 3788 bricium
269 3741 448 3806 reprehendit,
467 3742 535 3804 quod
554 3741 631 3789 buius
647 3742 769 3808 epistolae
788 3743 892 3791 titulum
916 3742 1018 3789 iecisset
1040 3740 1071 3787 de
1090 3739 1176 3787 doloro

136 3832 265 3896 mma·
867 3903 869 3905 .

173 3923 199 3989 4)
237 3925 291 3977 cio.
306 3927 386 3976 Aeac.
404 3926 434 3976 ll.
452 3925 493 3976 44.
514 3926 552 3977 Gi.
572 3930 646 3976 Taso.
666 3930 695 3986 Q.
712 3929 754 3978 lV.
770 3927 794 3975 2.

173 4016 199 4082 e)
235 4020 648 4071 su1.oerr.N00e.Ac.xn.a.
898 4006 903 4012 “
997 4007 1000 4014 ’
