2648 4844
643 305 685 364 72

142 480 286 544 meditari
321 482 403 544 mala
425 480 581 558 docebat,
610 502 694 565 quae
716 483 740 543 si
762 482 936 557 venisseut,
965 480 1091 542 fortiter
1113 499 1180 542 esse

141 593 348 678 perferenda,
366 615 469 678 quum
490 595 608 656 mutari
624 594 726 656 saturn
743 603 900 677 nequeat,
918 602 1016 678 atquc
1027 594 1179 676 exemplis

142 708 301 783 virorum,
321 707 379 792 qui
390 727 493 790 aequo
509 707 615 769 animo
632 705 775 769 dolorem
795 705 957 783 tulerunt,
980 716 1011 767 et
1030 705 1180 768 recorda·

141 821 228 882 tione
256 818 448 896 verborum,
472 840 555 903 quae
574 830 605 881 et
626 819 830 903 Anaxagoras
861 820 895 880 iu
925 829 1029 882 morte
1050 818 1107 882 filii
1128 817 1181 880 di·
1220 856 1228 867 κ

140 942 250 1008 xerat,
283 943 316 993 et
347 931 485 993 Theseus
507 931 593 1016 apud
624 931 810 1016 Euripidem
842 932 983 1015 profert,
1018 932 1087 994 eius
1117 933 1180 993 rim

141 1042 346 1106 minuendam
378 1045 537 1107 censebat.
560 1042 585 1129 ¹)
618 1046 686 1107 Hoc
706 1044 846 1129 denique
868 1043 1063 1129 Chrysippus
1086 1045 1181 1107 etiam

140 1156 176 1218 in
195 1156 388 1219 consolando
408 1179 483 1220 usus
507 1169 553 1220 est
574 1168 784 1243 argumento;
809 1178 845 1219 ea
868 1158 939 1242 lege
962 1178 1019 1220 uos
1042 1178 1109 1219 esse
1122 1178 1182 1220 na-

140 1279 208 1346 tos,
238 1281 275 1332 ul
304 1291 397 1332 nemo
425 1271 459 1333 iu
491 1282 684 1354 perpetuum
716 1291 783 1332 esse
813 1281 919 1354 posset
941 1290 1056 1354 expers
1077 1269 1180 1347 mali,

141 1383 295 1466 quocirca
313 1381 371 1444 hos
391 1381 552 1465 Euripidis
572 1383 723 1446 laudabat
742 1404 862 1460 versus,
886 1383 1005 1468 quihus
1023 1382 1182 1466 Amphia-

141 1516 214 1566 raus
233 1495 410 1579 alloquitur
429 1495 640 1580 Eurydioem,
660 1498 778 1560 mortui
790 1480 977 1560 Archemori
989 1507 1140 1559 matrem:
1152 1493 1180 1580 ²)

236 1714 320 1812 Ἐφυ
340 1721 399 1804 μὲν
421 1714 546 1800 οὐδεὶς,
570 1713 659 1795 ὅστις
681 1713 721 1785 oti
741 1726 844 1800 πονεῖ,
866 1720 1004 1806 βροτῶν,

247 1822 373 1898 Θᾶπτει
393 1855 430 1896 ιε
451 1830 544 1895 τέκνα
564 1823 591 1911 χ’
615 1822 701 1917 ’ἄτερ
726 1820 767 1894 αὖ
787 1830 899 1895 ιπᾶται
920 1828 989 1909 νέα,

243 1937 354 2019 Αὐτός
374 1968 411 2009 τε
431 1935 573 2031 θνήσκει.
597 1942 663 2008 Καὶ
684 1933 755 2006 ταδ’
780 1933 939 2024 ἄχθονται
959 1938 1079 2029 βροτοί

230 2053 302 2128 Ἐἰς
323 2056 380 2140 γῆν
401 2053 560 2142 φέροντες
578 2054 649 2140 γῆν·
671 2045 847 2136 ἀναγκαίως
869 2043 894 2114 ὅ
920 2047 987 2133 ἔχει
1060 2057 1065 2065 ’

244 2163 323 2230 Βίαν
343 2162 489 2250 θερίζειν
510 2155 595 2248 ὥσπε
615 2152 777 2247 κάρπιμον
794 2144 936 2242 ’στάχυν

245 2273 311 2340 Καὶ
331 2266 388 2338 τόν
409 2271 467 2355 μὲν
488 2263 580 2352 εἶναι,
603 2264 659 2336 τόν
680 2270 717 2336 δὲ
738 2261 793 2358 μή.

186 2505 298 2589 Neque
320 2506 434 2589 exigua
452 2505 514 2567 suit
535 2525 654 2588 opera,
688 2523 785 2588 quam
806 2503 842 2564 in
862 2502 934 2564 loco
955 2501 996 2564 do
1028 2498 1186 2585 leniendis

141 2615 306 2683 doioribus
327 2628 503 2703 posuerunt
534 2616 727 2679 Panaetius
755 2626 786 2677 et
806 2614 1031 2693 Posidonius,
1063 2613 1185 2676 lumina

141 2731 199 2794 illa
220 2731 346 2793 Stoicae
365 2741 483 2794 seclae.
516 2729 663 2809 Quorum
683 2728 740 2791 ille
770 2725 850 2813 περὶ
872 2717 1033 2808 εὐθυμίας
1064 2726 1185 2794 librum

144 2841 355 2927 conscripsit,
389 2863 454 2927 quo
476 2841 517 2906 dc
538 2864 642 2927 aequo
672 2842 706 2905 in
736 2841 830 2905 rebus
863 2839 1000 2902 adversis
1029 2839 1184 2903 servando

142 2940 278 3034 animo,⁴
310 2955 383 3018 data
422 2977 539 3039 opera,
571 2957 648 3040 egit.
701 2954 808 3021 Verba
838 2953 921 3014 enim
953 2952 1020 3014 eius
1053 2950 1185 3015 Plutar-

146 3067 225 3132 chus
253 3067 363 3151 lauda!
392 3066 493 3130 haec:
526 3063 648 3142 δεῖδὲ,
672 3057 718 3137 ὥς
738 3087 804 3128 που
826 3061 880 3126 καὶ
901 3061 1079 3134 Παναίτιος
1107 3058 1184 3150 ἔφη,

141 3177 289 3263 χρῆσθαι
308 3176 357 3258 τῷ
377 3165 590 3262 Ἀναξαγόρᾳ,
617 3173 670 3238 καὶ
691 3164 845 3260 καθάπερ
869 3171 986 3247 ἐκεῖνος
1008 3170 1064 3237 ἐπὶ
1076 3170 1118 3261 τῇ
1130 3194 1181 3236 τε·

142 3285 239 3371 λεπτῇ
259 3284 328 3350 παῦ’
340 3277 459 3360 παιδὸς
481 3276 579 3349 εἶπεν·
595 3275 704 3349 ’Hieta
726 3277 776 3349 ὅτι
796 3275 917 3369 θνητὸν
937 3281 1096 3369 ἐγέννησα·
1111 3285 1186 3350 τοῦ-

141 3419 180 3460 το
207 3399 277 3470 ταῖς
303 3389 539 3484 παροξύνουσιν
570 3394 703 3460 ἕκαστον
737 3393 913 3479 ἐπιφωνεῖν
945 3383 1185 3482 ἁμαρτήμασιν·

136 3496 246 3572 ’Ἡδειν
268 3499 318 3571 ὅτι
341 3498 446 3592 σοφὸν
468 3499 526 3570 οὐκ
547 3495 706 3591 ἐπριάμην
728 3503 863 3570 δαῦλον·
886 3493 974 3588 ἧδειν
996 3497 1046 3567 ὅτι
1069 3496 1185 3591 ἀπαθῆ

179 3810 205 3874 1)
241 3813 384 3861 caesar.
401 3812 418 3862 1.
437 3812 482 3860 oo.
499 3811 540 3861 ιν.
560 3828 585 3878 p.
604 3811 655 3861 aas
673 3813 718 3860 an.
739 3796 812 3860 risu
833 3811 867 3877 (p.
884 3808 943 3858 ire.
961 3809 1006 3857 ra.
1023 3809 1121 3874 suun.)

178 3902 204 3966 2)
239 3905 326 3971 Eurip.
343 3905 370 3953 in
386 3906 531 3969 Hypsipyle
549 3907 645 3968 Fragm.
666 3906 706 3954 ed.
730 3905 817 3954 naith.
842 3920 867 3970 p.
887 3901 946 3951 193.
975 3903 1080 3951 Eosdem
1096 3918 1185 3950 versus

143 3995 248 4045 laudaut
262 3996 330 4044 Plut.
348 3997 421 4045 Coos.
441 3997 476 4044 od
488 3997 573 4062 Apoll.
593 4016 618 4065 p,
636 3998 687 4047 110
705 4001 731 4047 F.
751 4003 778 4046 et
794 3996 848 4048 Cic.
868 3998 944 4046 Tuae.
964 3997 995 4053 Q.
1012 3996 1059 4045 111.
1075 3994 1117 4046 25.
