2648 4844
588 298 685 364 ‘62

144 505 260 546 rnunus
282 482 457 545 consolanti
475 482 639 566 imposuit,
662 494 698 544 ut
718 485 888 546 moerentis
908 484 1050 548 animum
1073 497 1142 550 tum
1165 507 1183 550 a

144 598 234 661 malis
249 607 408 674 avocaret,
425 608 494 659 tum
505 595 545 658 ad
557 596 801 680 contemplanda
813 598 895 661 bona
907 598 1144 666 adhortaretur.
1155 598 1180 686 ¹)

143 712 229 773 llaec
252 696 337 772 enim
357 710 455 793 ipsius
478 721 545 772 erat
567 711 741 774 sententia:
765 711 848 774 bona
866 713 1039 795 praeterita
1059 736 1124 777 non
1138 715 1182 777 el-

144 823 245 887 {luere
261 824 408 907 sapienti,
420 824 504 886 mala
514 824 693 886 meminisse
705 845 779 887 eum
792 848 855 888 non
867 839 1026 910 oportere,
1034 824 1061 913 2)
1086 840 1184 914 atque

143 939 185 1001 ita
207 939 452 1022 praeteritorum
473 938 631 1000 bonorum
657 940 810 1002 memoria
832 952 864 1003 et
885 942 1104 1024 praesentium
1126 964 1183 1006 co-

145 1053 319 1136 gitatione,
352 1053 415 1114 rim
437 1052 594 1115 malorum
618 1053 783 1115 confutare
803 1074 840 1116 ac
871 1055 1015 1115 minuere
1046 1055 1181 1120 studuit.

145 1166 312 1229 Praeterea
334 1167 378 1228 ita
400 1165 440 1227 de
467 1164 577 1227 dolore
600 1165 868 1244 ratiocinabatur,
899 1178 933 1229 ut
961 1189 1089 1230 necesse
1117 1183 1183 1231 esse

143 1278 277 1356 diceret,
298 1300 458 1340 summum
480 1276 624 1340 dolorem
643 1278 737 1340 simul
761 1301 828 1340 csse
847 1279 988 1357 brevem,
1010 1280 1097 1343 unde
1120 1283 1183 1345 lac-

107 1422 110 1427 ·
145 1393 232 1454 titiae
249 1393 332 1476 plus,
346 1412 443 1476 quani
460 1391 622 1454 molestiae
638 1391 754 1454 habeat
770 1392 940 1455 diuturnus
958 1394 1060 1472 dolor,
1081 1417 1184 1480 quum

143 1506 211 1567 eius
228 1504 481 1588 magnitudinem
499 1505 656 1581 celeritas,
680 1504 925 1569 diuturnitatem
942 1508 1092 1571 allevatio
1108 1531 1183 1572 con-
1206 1542 1208 1545 v

142 1620 273 1681 soletur.
288 1614 312 1705 ³)
348 1619 393 1681 lle
412 1630 514 1680 morte
536 1629 644 1681 autem
667 1620 712 1682 sic
735 1620 916 1704 cogitabat,
953 1631 988 1683 ut
1010 1643 1080 1683 earn
1104 1621 1183 1684 nihil

142 1734 181 1797 ad
204 1755 258 1796 nos
279 1734 439 1816 pertinere
461 1733 609 1810 doceret,
642 1733 763 1817 quippe
787 1755 870 1818 quae
893 1756 1020 1798 omnem
1041 1736 1183 1798 auferret

141 1868 288 1925 sensum;
324 1838 342 1909 ὁ
370 1826 527 1920 θάνατός,
552 1846 597 1908 sic
626 1845 748 1926 ajebat,
783 1835 876 1909 οὐδὲν
903 1838 990 1932 πρὸς
1017 1836 1117 1932 ἡμᾶς·
1145 1838 1183 1909 sd

140 1951 201 2046 γὰρ
225 1955 379 2022 διαλυθὲν
402 1947 605 2041 ἀναισθητεῖ·
633 1949 671 2019 s'd
700 1954 736 2020 δὲ
764 1948 960 2043 ἀναίσθητον
982 1949 1076 2020 οὐδὲν
1098 1949 1184 2044 πρὸς

140 2060 233 2155 ἡμᾶς.
246 2067 272 2153 ⁴)
299 2069 416 2134 Eadem
439 2090 570 2155 quoque
591 2070 647 2133 ille
667 2069 850 2134 consolandi
871 2071 993 2134 ratione
1012 2093 1088 2134 usus
1112 2081 1182 2147 est,

176 2388 201 2452 l)
238 2392 288 2440 Cic.
307 2393 382 2440 Tusc.
401 2391 430 2449 Q.
448 2391 493 2440 ΙΙΙ,
513 2389 554 2439 31.
574 2391 672 2453 lnjuste
690 2397 776 2439 autem
792 2391 880 2439 Cicero
897 2390 933 2438 ibi
948 2392 1086 2454 Epicurum
1106 2392 1181 2438 unice

140 2500 273 2547 corporeas
293 2484 436 2547 voluptates
455 2490 581 2547 spectasse
601 2484 680 2546 dixit,
709 2501 759 2547 qua
777 2484 809 2532 de
827 2500 854 2532 re
875 2484 941 2533 sidu.
961 2485 1032 2546 Βίοις.
1052 2486 1133 2534 Ladrt.
1154 2486 1181 2534 ΙΙ.

141 2575 198 2628 137.
218 2578 276 2628 Aul.
296 2577 451 2628 Gall-Nect.
469 2579 524 2629 Att.
540 2580 582 2628 ΙΙΙ.
600 2577 623 2628 5.
640 2578 727 2641 ibique
744 2580 905 2642 interpretes.

174 2669 200 2732 2)
237 2673 286 2720 Cic.
301 2673 332 2719 de
348 2673 423 2720 Finn.
443 2672 475 2721 ΙΙ.
495 2671 536 2721 32.

173 2778 199 2842 s)
235 2783 285 2832 cic.
313 2783 388 2832 ruso.
410 2783 439 2840 o.
456 2783 495 2833 n.
509 2783 549 2834 le.
577 2783 611 2833 cr.
635 2767 1057 2843 nsog.saert.x.1aoun:0d
1077 2771 1181 2855 χρονί-
1244 2760 1246 2763 ’

100 2937 103 2940 ,
140 2872 187 2948 ζει.
203 2869 240 2935 sd
263 2869 369 2955 ἀλγοῦν
391 2876 522 2955 συνεχῶς
545 2873 576 2935 ἐν
598 2875 639 2960 τῇ
661 2873 759 2957 σαρκὶ,
783 2868 856 2934 illd
879 2869 915 2935 sd
937 2871 993 2951 niv
1015 2867 1106 2956 ἄκρον
1127 2869 1181 2935 edu

139 2971 294 3057 ἐλάχιστον
316 2971 428 3059 χρόνον
449 2972 578 3059 πάρεστι.
603 2988 638 3036 cf.
657 2987 704 3033 hae
723 2987 755 3033 de
774 3002 801 3034 re
816 2987 958 3034 Gassendus
977 2987 1008 3034 de
1028 2988 1096 3050 phil.
1115 2989 1181 3051 Epi-

139 3083 206 3142 curi,
226 3082 258 3131 11.
278 3099 302 3144 p.
322 3080 381 3130 276.

173 3173 198 3238 4)
234 3176 303 3224 stoh.
328 3176 397 3225 Flor.
417 3176 456 3224 tit.
477 3174 536 3237 118,
557 3173 598 3225 30.
624 3175 667 3224 Ed.
687 3174 761 3224 Gaios.
781 3205 812 3213 —
846 3175 919 3223 Hune
938 3174 1110 3238 syllogismum
1129 3192 1180 3250 non

145 3269 301 3336 procedere,
320 3269 396 3316 docel
413 3268 525 3317 llurelus
548 3270 604 3319 Ver.
624 3269 692 3318 Lect.
709 3267 726 3318 1.
743 3269 785 3318 ΙΙΙ.
802 3284 857 3331 cap.
878 3267 918 3318 16.
939 3267 992 3335 (sd.
1009 3269 1112 3319 Ruhnk.
1123 3269 1182 3320 Vol.

139 3366 172 3415 11.
195 3380 219 3429 p.
242 3360 303 3427 26⁷)
322 3364 396 3412 cuius
414 3364 477 3412 haec
496 3369 557 3412 sunt
579 3363 669 3411 verba:
697 3363 777 3409 illius
796 3363 864 3409 artis
886 3358 1057 3429 (dialectices)
1077 3365 1199 3428 ignora·¹

138 3461 207 3508 none
224 3459 315 3507 ruebat
328 3459 358 3505 in
375 3457 500 3520 dicendo,
517 3472 640 3521 saepeque
658 3456 765 3519 aliquod
777 3457 887 3520 protem
905 3471 1065 3522 aggressus,
1091 3473 1122 3505 ca
1139 3474 1181 3506 su·

137 3554 233 3616 medat,
250 3553 344 3617 quibus
360 3552 477 3600 datie‘ac
496 3551 639 3614 concessis,
658 3551 688 3598 id
703 3556 799 3614 tomen,
818 3549 884 3613 quod
894 3551 1004 3614 probare
1018 3552 1180 3614 inanisceret,

137 3663 187 3694 non
201 3645 401 3696 concluderetur.
423 3646 506 3704 Quale
526 3650 578 3706 est,
596 3642 662 3708 quod
672 3682 679 3707 ,
697 3660 753 3692 cum
771 3644 859 3692 docere
878 3646 969 3708 vellet,
991 3651 1095 3692 mortem
1112 3647 1183 3704 nihil

139 3741 174 3788 ad
192 3757 236 3788 nos
250 3742 403 3804 pertinere,
421 3741 461 3786 ita
471 3739 695 3786 ratiocinabatur:
714 3721 732 3788 (l
748 3721 881 3802 θάνατος
896 3723 984 3789 aiddu
998 3722 1075 3810 πρὸς
1090 3722 1179 3810 ἡμᾶς·

139 3827 175 3893 sd
197 3827 253 3913 γὰρ
277 3828 421 3892 διαλυθὲν
442 3826 631 3913 ἀναισθητεῖ,
661 3827 698 3892 sd
725 3828 760 3891 di
787 3826 973 3911 iratesque
995 3826 1082 3891 οὐδὲν
1104 3827 1180 3914 πρός

137 3929 227 4016 ἡμᾶς.
251 3946 340 4007 Neque
357 3947 423 3991 enirn
438 3946 565 4007 sequitur,
584 3947 610 3991 si
618 3945 666 4007 ii,
684 3944 749 4008 quod
759 3944 914 3992 dissolutum
929 3951 982 4005 est,
1002 3943 1078 3991 sensu
1089 3950 1178 4005 vacat,
1222 3918 1224 3922 Ι

137 4040 238 4087 idcirco
248 4041 331 4101 ipsam
343 4054 439 4102 quoque
452 4039 646 4087 dissolutionem
655 4054 703 4086 non
711 4040 812 4088 sentiri.
828 4039 918 4100 Neque
929 4052 997 4084 mors
1010 4044 1050 4085 est
1062 4020 1099 4088 vd
1112 4028 1179 4088 dtu-
