2648 4844
673 312 734 372 166

117 510 121 519 ’
186 495 237 579 gie
253 493 335 556 hane
351 491 556 555 adhibuerint
576 488 784 568 medicinam,
806 501 838 552 et
853 491 888 551 in
907 490 1032 574 scriptis
1052 489 1093 552 de
1111 502 1225 568 morte,

186 606 242 669 ubi
273 606 314 669 de
344 606 454 668 sutura
488 606 667 667 arrimorum
700 614 771 688 post
801 614 935 666 mortem
966 601 1150 666 conditione
1180 603 1226 666 lo-

184 730 383 804 querentur,
416 719 517 780 fusius
542 717 667 802 egerint
695 715 735 780 de
763 727 963 779 mortuorum
996 737 1077 779 cum
1110 717 1226 799 prioris

185 835 254 896 aevi
276 834 351 895 viris
372 831 618 912 conjunctione,
642 829 748 916 deque
778 830 976 893 sermonibus
1009 851 1085 892 oum
1106 830 1144 892 iis
1166 831 1226 891 mi-

185 946 320 1010 scendis.
363 947 453 1008 Latet
474 945 573 1030 igitur
600 945 634 1006 in
655 944 742 1007 hisce
771 943 902 1028 quidem
924 943 1123 1006 uberrimum
1141 942 1224 1006 illud

184 1058 307 1122 solandi
326 1069 571 1143 argumentum,
603 1056 657 1119 sed
677 1056 773 1119 latius
795 1055 827 1118 id
853 1077 1011 1139 exponere
1040 1055 1146 1141 deque
1175 1058 1226 1119 in-

184 1171 306 1235 dustria
328 1171 481 1234 adhibere
499 1170 677 1247 debebant,
700 1171 726 1230 si
747 1168 877 1253 quidem
898 1169 1069 1239 salutarem
1091 1168 1174 1232 illud
1193 1172 1225 1232 in

184 1285 324 1370 lugentis
347 1285 452 1349 animo
475 1285 538 1346 vim
558 1283 676 1346 habere
698 1282 882 1348 voluissent.

228 1399 315 1460 Haec
331 1397 371 1460 de
390 1396 655 1481 philosophorum
672 1396 857 1461 consolandi
868 1396 1043 1460 rationibus
1062 1396 1219 1458 monenda

185 1509 295 1575 habui.
337 1511 383 1572 Ne
406 1522 511 1573 tamen
533 1512 604 1595 quis
622 1512 795 1593 existimet,
826 1509 961 1574 eandem
992 1531 1115 1593 semper
1138 1510 1223 1593 apud

185 1645 293 1686 omues
315 1646 425 1688 earum
444 1646 511 1687 esse
532 1626 616 1688 vim:
642 1638 677 1688 ut
695 1628 780 1688 enirn
802 1636 889 1689 recte
910 1622 1134 1687 animadvertit
1155 1625 1223 1709 Hy-

184 1738 329 1822 perides,
349 1729 390 1801 toi
411 1733 469 1817 μὲν
486 1734 595 1822 πένθη
616 1729 692 1801 odra
708 1727 810 1821 λόγῳ,
833 1727 909 1800 οὔτε
927 1725 1014 1817 νόμῳ
1035 1733 1224 1817 κοιμίζεται·

183 1841 298 1936 ἀλλ’ἢ
327 1838 428 1935 φύσις
460 1836 595 1911 ἑκάστου
629 1839 765 1932 ὁρισμόν
795 1843 862 1929 ἔχει
892 1847 952 1912 τοῦ
985 1843 1176 1911 λυπεῖσθαι.
1190 1844 1215 1935 ¹)

183 1963 254 2025 Non
276 1962 360 2024 enim
378 1961 490 2023 solatia
517 1959 644 2024 admota
665 1983 722 2044 per
744 1982 776 2022 se
806 1961 944 2023 eximere
974 1960 1222 2025 sollicitudinem

183 2086 383 2153 nemetum,
407 2073 581 2137 retundere
603 2073 832 2157 cupiditatem,
862 2074 967 2137 levare
988 2075 1222 2159 aegritudinem

84 2222 87 2227 ·
182 2168 334 2272 possunt,
369 2188 427 2249 nisi
456 2187 688 2271 intelligentiae
718 2185 905 2268 adjunctum
921 2190 976 2250 sit
1004 2188 1103 2252 robur
1127 2191 1221 2252 animi

183 2323 221 2365 ac
239 2303 338 2364 virtus
357 2300 509 2364 divinitus
529 2301 640 2378 insita,
664 2301 704 2364 ad
723 2300 884 2385 agendum
906 2301 993 2386 quod
1013 2302 1171 2383 volueris,
1192 2315 1222 2366 et

184 2415 433 2499 exsequendum.
453 2410 478 2498 ²)
515 2415 597 2477 Huic
624 2415 724 2498 igitur
744 2414 925 2478 fortitudini
946 2416 971 2477 si
990 2416 1116 2479 accedit
1147 2439 1221 2481 con·

183 2529 295 2592 solatio
317 2531 378 2592 rite
399 2529 564 2607 instituta,
583 2529 713 2591 salutari
735 2521 882 2612 proiecto
901 2552 956 2593 sua
972 2531 1003 2592 vi
1024 2530 1111 2593 haud
1134 2553 1220 2596 care-

182 2643 251 2721 bit;
282 2652 352 2705 tum
371 2643 484 2727 lugens
506 2641 620 2705 solatia
647 2643 681 2703 in
702 2645 887 2707 memoriam
907 2645 1033 2728 saepius
1052 2666 1219 2725 revocans,

183 2756 365 2818 humaniter
398 2776 507 2819 casum
536 2777 630 2819 suum
655 2757 761 2836 ieret,
796 2781 860 2820 non
890 2759 949 2820 erit
975 2749 1126 2846 ἀπαθὴς,
1160 2783 1221 2825 non

184 2892 309 2932 omnem
327 2870 464 2933 evellere
486 2869 645 2949 dolorem,
670 2870 724 2934 sed
744 2871 853 2935 sedare
873 2871 915 2961 ει
930 2874 1077 2959 mitigare
1096 2875 1220 2940 luctum

183 2983 333 3048 studebit.
349 2958 352 2963 .
370 2985 492 3047 Sentiet
512 2983 661 3068 quidem,
686 2997 843 3069 quantum
859 2987 1016 3066 amiserit,
1041 3010 1078 3052 ae
1097 3012 1220 3053 summo

183 3098 320 3161 ducetur
346 3099 465 3161 mortui
494 3097 673 3176 desiderio,
709 3098 763 3161 sed
787 3111 910 3163 tantum
932 3102 1037 3181 abest,
1075 3116 1111 3166 ut
1141 3104 1219 3168 haec

183 3210 352 3296 aegritudo
372 3233 445 3273 eum
464 3210 640 3295 deprimat,
664 3223 700 3274 ut
720 3224 832 3276 contra
852 3236 925 3278 eum
948 3218 1050 3301 erigat
1080 3235 1232 3303 eumque

183 3318 319 3409 optimis
333 3324 517 3410 quibusque
539 3326 681 3389 sensibus
700 3326 882 3406 imbutum,
905 3328 945 3391 ad
963 3329 1131 3394 colendam
1153 3333 1219 3394 vir·
1302 3380 1305 3387 .

182 3449 286 3503 tutem
305 3440 432 3504 excitet.

217 3687 242 3750 ι)
278 3691 347 3740 stoi.
364 3690 432 3738 nor.
452 3690 492 3738 ιιι.
507 3688 572 3752 ιιι,
589 3688 630 3739 se.
645 3692 719 3740 earet.
779 3682 781 3687 “

217 3781 242 3845 2)
278 3784 361 3834 Verba
384 3791 443 3832 sunt
466 3786 554 3848 Heynii
583 3785 609 3832 in
636 3786 707 3834 Uene.
728 3788 833 3838 Bos‘thii
853 3787 884 3834 de
906 3787 977 3837 Coos.
995 3789 1061 3857 phil.
1080 3790 1107 3837 in
1126 3791 1219 3854 Opuee.

183 3877 208 3922 r.
229 3876 269 3924 vr.
285 3894 308 3940 p.
327 3875 383 3925 153.
1288 3872 1293 3883 '

614 4057 780 4082 m*-
