2648 4844
634 362 673 424 91

138 538 193 601 sed
225 538 265 600 de
300 560 385 601 more
416 563 472 603 suo
502 542 617 604 acerbe
640 554 817 604 moerentes
846 552 876 602 et
901 562 1026 602 onmem
1054 542 1178 603 luctum

137 652 308 728 deridens,
340 653 465 714 nullum
488 655 591 737 aegris
613 653 730 716 afferat
758 652 915 716 solatium.
957 652 1097 715 Iuliani
1117 677 1178 716 au-

139 780 203 828 tem
231 765 396 848 epistolam
420 768 611 830 tricesimam
640 768 824 851 septimam,
860 789 924 851 qua
946 767 1108 829 Amerium
1137 767 1177 828 de

87 943 94 953 ,
139 881 246 943 uxoris
269 881 358 942 obitu
393 881 594 957 consolatur,
625 880 798 944 Demetrii
828 880 970 963 Cydonii
999 880 1038 941 de
1069 892 1178 943 conte-

140 993 275 1057 mnenda
300 1005 402 1055 morte
422 995 635 1078 opuseulum,
659 976 862 1079 aliorumque
884 1015 1000 1077 opera,
1037 1015 1119 1077 quae
1139 994 1178 1057 ad

140 1107 202 1170 hoc
222 1118 446 1191 argumentum
466 1118 626 1191 spectant,
648 1119 814 1192 propterea
834 1129 896 1168 non
917 1108 1176 1184 memoravimus,

141 1222 292 1305 quoniam
309 1222 403 1282 unice
415 1220 455 1282 de
466 1223 607 1305 antiquis
619 1222 751 1285 Graecis
763 1220 922 1305 agendum
934 1220 1119 1298 videbatur,
1140 1242 1179 1282 ne

140 1334 267 1418 longior
288 1335 467 1417 aperiretur
485 1335 683 1420 disquirendi
703 1357 845 1418 campus.
871 1335 988 1397 Eadem
1008 1334 1068 1395 fuit
1089 1354 1180 1395 caus-

140 1469 193 1525 sa,
218 1468 318 1531 quare
338 1447 503 1530 epistolam
527 1449 762 1534 nonagesimam
779 1447 963 1531 septimam,
988 1469 1070 1532 quae
1083 1446 1181 1509 Plau-

143 1561 272 1623 laridie
288 1562 414 1624 nomine
431 1562 550 1640 fertur,
571 1563 696 1624 silentio
713 1563 1000 1647 praetermisimus,
1012 1584 1113 1647 quum
1125 1561 1180 1624 illa

141 1686 354 1759 caeteraeque
375 1676 442 1737 eins
468 1675 620 1759 epistolae
641 1698 659 1738 a
679 1676 857 1738 recentiore
881 1674 1019 1759 quodam
1042 1674 1180 1758 sophista

141 1789 340 1872 conscriptae
373 1811 441 1851 esse
472 1789 665 1867 videantur,
712 1802 748 1852 ut
786 1788 910 1852 dudum
942 1789 1009 1871 jam
1039 1810 1181 1852 summus

140 1903 304 1966 Bentleius
326 1902 449 1968 docuit.
475 1903 521 1966 Ne
544 1914 651 1967 tamen
670 1905 742 1988 quis
754 1904 922 1987 opinetur,
946 1903 1017 1965 illos
1037 1913 1179 1980 tantum,

141 2040 221 2104 quos
254 2019 495 2097 recensuimus,
531 2017 570 2080 de
604 2017 666 2081 hoc
699 2002 919 2102 philosophiae
954 2017 1024 2079 loco
1058 2017 1178 2101 egisse,

140 2132 311 2195 verisimile
332 2145 379 2195 est
401 2134 504 2212 enim,
533 2132 641 2217 plures
665 2132 742 2195 alios
771 2132 889 2211 fuisso,
922 2133 978 2216 qui
1009 2131 1047 2194 de
1070 2131 1181 2195 codem

140 2258 351 2332 argumento,
389 2246 439 2308 vel
459 2246 617 2331 quaedam
639 2247 883 2330 praeceperint,
914 2248 964 2308 vel
995 2268 1090 2329 opera
1114 2246 1181 2329 epi-

141 2362 276 2424 stolasve
294 2359 494 2425 condiderint
518 2359 753 2425 consolatorias.
800 2359 895 2440 Quod
923 2382 960 2422 eo
983 2359 1180 2444 probabilius

141 2475 198 2554 fit,
224 2497 327 2560 quum
345 2475 431 2560 apud
447 2476 621 2538 Stobaeum
636 2476 669 2537 in
689 2461 846 2560 florilegio
863 2472 950 2537 haud
972 2496 1093 2558 paucae
1110 2496 1181 2536 sen-

140 2591 258 2653 tentiae
280 2591 482 2653 inveniantur
510 2589 715 2668 Hermarchi,
751 2588 967 2651 Hermolochi
978 2637 986 2666 ,
1023 2587 1181 2666 Ohrimi,

141 2703 297 2782 aliorum,
322 2726 406 2789 quae
428 2726 465 2767 ex
488 2726 600 2767 eorum
621 2704 711 2767 libris
741 2703 979 2782 consolatoriis,
1004 2701 1099 2766 hodie
1125 2702 1183 2764 de·

141 2818 274 2902 perditis
297 2839 334 2882 ac
357 2819 546 2882 nonomine
569 2817 699 2902 quidem
733 2819 888 2903 cognitis,
919 2817 1083 2880 desumtae
1114 2838 1183 2880 osse

143 2933 321 2997 videantur.
