2648 4844
640 322 683 381 ⁴6

144 502 244 564 lentis
273 512 496 563 evanesceret:
527 500 730 584 improbalnt
762 501 839 560 item
871 499 1006 558 nimium
1036 499 1181 574 luctum,

144 626 258 698 utpote
275 626 408 676 naturae
429 613 588 676 hnmanae
606 614 816 689 contrarium,
836 613 935 673 immo
945 609 1133 672 damnosum
1150 622 1183 673 et

147 726 322 811 prudentes
349 727 433 789 viros
463 727 594 788 minime
624 724 811 802 decentem3
842 722 1086 786 commendabat
1108 745 1183 786 vero

144 830 202 924 τξν
221 835 491 923 μετριοπαθείω.
524 829 584 922 MrJ
606 829 667 921 γὰρ
689 841 852 917 νοσοῖμεν,
879 838 1005 921 inquit,
1028 825 1184 921 roorJoaot

144 945 183 1011 δὲ
203 945 324 1034 παρείη
348 969 399 1020 τις
419 948 593 1032 αἴσθησις,
622 937 680 1010 εἴτ’
703 936 760 1011 οἶτ
784 939 933 1027 τέμνοιτό
959 972 989 1010 u
1015 946 1080 1009 τῶν
1106 941 1184 1031 ἦμε-

143 1054 261 1143 τέρων,
289 1048 346 1121 εἴτ’
369 1049 563 1140 ἀποσπῷτο·
584 1051 624 1123 ro
644 1051 707 1143 reip
728 1048 889 1122 &nideror
908 1058 1006 1122 roi-ro
1027 1048 1087 1121 οἰκ
1106 1046 1182 1118 ἄνευ

142 1156 290 1250 ueydim
321 1165 474 1251 ἐγγίνεται
505 1169 636 1248 μισθῶν
666 1169 714 1249 τῷ
740 1159 927 1254 ὠθρώῑῐῳ·
953 1165 1183 1252 τεθζριῶσθαι

141 1272 204 1364 reip
227 1270 327 1356 εἰκός,
348 1276 413 1341 e'xei
434 1276 493 1358 μὲν
513 1278 609 1358 σῶμα
627 1279 784 1356 comitor,
807 1275 950 1341 ἐνταῦθα
969 1277 1006 1341 δὲ
1029 1270 1146 1363 pepp.
1153 1273 1179 1362 ¹)

143 1389 370 1470 Quaestionem
389 1389 505 1452 deinde
527 1401 678 1454 tractasse
699 1390 826 1453 u‘detnr
849 1389 890 1452 de
908 1391 1033 1474 origine
1050 1390 1181 1452 calami·

142 1513 264 1580 tatum,
281 1524 362 1587 quas
378 1524 416 1565 ex
433 1502 573 1567 humana
588 1516 704 1567 natura
720 1505 868 1587 repetiit,
888 1504 1011 1588 qnippe
1027 1503 1073 1565 ita
1093 1525 1181 1566 com·

141 1627 263 1700 parata,
283 1628 320 1678 ut
338 1616 434 1679 simul
451 1620 534 1680 natis
552 1618 628 1680 mali
646 1615 806 1702 quaedam
824 1616 929 1699 portio
947 1617 1031 1678 vitae
1053 1627 1182 1679 nostrae

139 1729 374 1793 immisceatm:
398 1727 576 1816 ᾳιυμένοις
589 1727 739 1812 primuni
753 1749 803 1800 τις
816 1725 850 1791 ἐν
864 1728 947 1790 πᾶσι
962 1725 1062 1791 κακοῦ
1069 1732 1181 1812 μοῖρα·

139 1831 182 1903 τὰ
202 1830 265 1926 γάρ
286 1862 340 1904 τοι
355 1838 530 1925 σπέρματα
552 1831 655 1911 ecclc
676 1830 781 1924 θνητὰ
802 1829 880 1901 ὄντα
899 1827 1019 1922 coiere
1038 1841 1185 1901 κοινωνεῖ

139 1949 199 2036 τῆς
220 1946 342 2029 αἰτίας,
365 1947 400 2027 εξ
421 1940 460 2036 ἧς
481 1939 586 2036 docta
606 1947 665 2028 μὲν
685 1948 810 2034 ψυχῆς,
837 1937 928 2012 νόσοι
950 1969 986 2009 re
1007 1947 1060 2010 καὶ
1082 1939 1182 2034 tideo

138 2057 194 2123 καὶ
214 2064 316 2146 μοῖρα
336 2059 465 2146 Seponit
485 2056 610 2122 ἐιεῖθεν
631 2053 705 2144 ἡμῖν
726 2057 830 2144 ἕρπει.
843 2057 870 2144 ²)
895 2060 1052 2122 Solatium
1072 2072 1182 2123 autem

138 2169 480 2247 hincadessehomini,
502 2173 529 2233 si
545 2192 733 2256 persuasum
743 2174 805 2235 sihi
815 2172 944 2252 habeat,
965 2195 1030 2236 non
1041 2196 1098 2236 sua
1109 2175 1180 2236 eul-

139 2306 181 2370 pa
199 2307 233 2348 se
251 2286 285 2347 iu
304 2285 538 2349 calamitatibus
559 2286 690 2363 versari,
713 2285 769 2348 sed
789 2310 808 2349 a
823 2287 958 2349 fortuna
977 2308 1030 2348 eas
1041 2288 1101 2349 sibi
1112 2309 1180 2350 esse

139 2397 303 2462 immissas.
318 2395 345 2483 ²)
369 2400 520 2464 Generali
538 2399 616 2462 huic
635 2399 676 2462 de
692 2401 783 2479 malis
801 2399 947 2463 humanis
964 2399 1181 2484 disquisitioni

139 2512 314 2594 specialem
334 2511 480 2594 adjunxit
498 2512 538 2575 de
560 2525 675 2590 morte,
698 2524 734 2576 ut
757 2515 861 2598 qualis
879 2514 934 2576 illa
954 2525 1034 2576 esset
1052 2526 1084 2577 et
1101 2536 1180 2577 num

140 2636 308 2708 tantopere
329 2637 412 2688 esset
433 2626 594 2711 lugenda,
619 2628 809 2710 exploraret.
843 2628 930 2708 Quid
948 2629 982 2690 in
998 2641 1112 2706 morte,
1133 2623 1222 2722 sios

139 2736 290 2815 dicebat,
313 2749 379 2801 tam
399 2738 529 2802 difficile
551 2751 600 2802 est
620 2752 676 2803 aut
695 2741 887 2820 molestum,
919 2763 1021 2826 quum
1042 2755 1179 2826 cognata

139 2851 229 2915 nobis
248 2852 288 2914 sit
307 2873 345 2914 ac
364 2852 555 2916 familiaris?
579 2853 666 2933 Quid
683 2855 811 2931 mirum,
832 2856 858 2917 si
876 2856 1009 2918 scissum
1020 2867 1078 2932 est,
1091 2855 1180 2940 quod

140 2976 208 3029 etat
227 2988 264 3030 ex
282 2978 396 3031 natura
407 2989 463 3030 sua
475 2967 605 3044 scissile,
626 2978 683 3030 aut
695 2979 883 3046 crematum,
897 2968 985 3053 quod
1002 2959 1179 3047 ustile,'aut

138 3079 164 3140 si
185 3079 293 3163 periit,
313 3080 401 3164 quod
421 3081 465 3143 ita
487 3091 553 3142 crat
571 3090 693 3157 natum,
713 3091 748 3143 ut
764 3082 896 3145 interire
916 3083 1047 3167 posset?
1069 3083 1181 3146 Prouti

138 3191 211 3275 quis
232 3212 269 3253 ex
288 3192 403 3276 argilla
426 3193 525 3255 varias
547 3193 663 3256 formas
682 3193 804 3280 fingere
832 3207 863 3258 et
885 3218 995 3259 rursus
1015 3195 1183 3280 diffingere

138 3301 291 3389 idemque
306 3307 481 3370 sexcenties
499 3319 645 3391 repetere
656 3308 752 3386 solet,
773 3310 820 3372 sic
831 3320 944 3373 natura
956 3331 1087 3396 quoque
1106 3309 1184 3371 olim

139 3438 178 3480 ex
197 3415 307 3481 eadem
322 3421 454 3484 materia
470 3442 543 3484 avos
564 3433 702 3500 nostros,
723 3434 831 3506 postea
851 3433 973 3506 patres,
992 3423 1108 3486 deinde
1126 3445 1183 3486 nos
1204 3426 1209 3438 ¹

139 3531 299 3619 protulit,
335 3555 373 3598 ac
394 3533 546 3618 deinceps
568 3534 646 3597 alios
669 3557 707 3598 ex
729 3536 801 3599 aliis
823 3538 966 3615 evolvet,
1000 3549 1036 3599 ut
1064 3537 1181 3600 fluvius

141 3647 347 3659 ———

178 3850 204 3917 l)
240 3856 306 3905 Plut.
319 3855 392 3908 cm.
413 3859 447 3907 od
464 3858 547 3923 Apoll.
565 3875 590 3924 p.
611 3857 661 3908 102
674 3862 699 3908 C.
717 3862 752 3910 Cf.
762 3862 895 3926 Wyttenh.
908 3862 940 3910 ad
956 3863 982 3910 h.
995 3861 1013 3909 l.

177 3945 203 4012 2)
240 3949 549 4016 Plut.1hid.p.1ttl.c.

176 4038 203 4105 8)
240 4042 304 4091 Ihid.
321 4060 345 4106 p.
364 4042 421 4094 11⁴1.
438 4046 464 4094 C.
479 4047 529 4093 cte.
547 4047 622 4094 Tusc.
640 4047 670 4103 Q.
687 4047 733 4095 lll.
752 4047 793 4096 16.
