2648 4844
645 359 702 419 tul

185 537 326 619 Quodsi,
355 535 433 621 quid
455 539 649 621 argumentis
666 538 753 602 hisce
776 537 982 601 tribuendum
999 540 1057 616 sit,
1083 561 1184 625 quae·

138 655 259 730 rimus;
285 653 380 714 unice
397 662 464 715 tum
490 651 524 712 in
546 651 683 736 lugentis
710 653 815 714 animo
835 652 898 717 vim
920 652 1101 731 habebunt,
1127 655 1182 716 ubi

137 766 237 829 infixa
256 767 317 849 ipsi
339 776 386 827 est
408 765 533 848 opinio,
558 763 719 828 bominem
735 777 804 850 post
825 767 947 829 obitum
966 767 1034 830 dira
1054 789 1183 830 manere

137 879 316 964 supplicia,
337 889 434 963 atque
452 879 496 940 ita
517 878 557 941 ad
569 879 773 943 minuendam
796 880 877 944 hanc
900 883 1081 965 opinionem
1102 903 1182 969 quo·

138 993 310 1056 dammodo
340 992 500 1056 valebunt.
544 993 613 1055 Non
639 994 722 1055 enim
754 1015 790 1056 ea
813 994 944 1057 illorum
971 995 1015 1057 ris
1048 1007 1112 1072 est,
1148 1006 1184 1058 ut

138 1108 311 1170 moerentis
342 1107 483 1185 animum
507 1107 547 1169 ad
575 1108 842 1191 tranquillitatem
869 1108 1042 1187 reducant,
1063 1109 1113 1170 rel
1131 1132 1185 1173 su-

137 1232 283 1306 sceptam
303 1221 390 1284 illam
412 1223 591 1305 opinionem
613 1244 741 1305 prorsus
765 1222 931 1300 auferant,
956 1243 1057 1306 quum
1078 1222 1183 1287 incer·

140 1345 209 1398 tum
223 1334 329 1398 adhuc
348 1345 491 1412 maneat,
510 1335 616 1419 qualis
628 1347 828 1398 mortuorum
848 1336 886 1398 sit
898 1336 1059 1414 conditio,
1079 1358 1183 1422 neque

139 1449 177 1511 iis
204 1447 461 1526 demonstretur,
485 1450 646 1527 animum,
669 1451 694 1512 si
723 1451 828 1512 vivere
858 1461 970 1534 pergat
1000 1463 1070 1534 post
1098 1472 1183 1514 mor·

140 1573 225 1639 tem,
249 1562 282 1624 in
299 1562 389 1626 malis
410 1584 477 1625 esse
495 1584 558 1625 non
573 1584 673 1646 posse.
688 1559 713 1647 ¹)
740 1564 976 1644 Quamobrem,
1001 1587 1066 1649 quo
1082 1566 1182 1649 magis

139 1677 296 1739 moerenti
321 1677 494 1760 probarent
513 1688 648 1740 mortem
671 1675 823 1740 defuncto
854 1677 975 1740 malum
1009 1699 1072 1740 non
1094 1700 1180 1756 esse,

139 1790 254 1854 afferre
275 1790 419 1853 solebant
438 1789 621 1874 philosophi
640 1792 835 1853 narrationes
852 1790 892 1853 de
911 1790 1062 1855 Cleobide
1080 1801 1111 1853 et
1128 1792 1182 1854 Bi·
1261 1845 1263 1849 Α

140 1915 214 1967 tone
242 1903 406 1988 aliasque,
430 1903 505 1966 inde
526 1903 726 1989 colligentes,
740 1905 822 1988 ipsos
844 1904 926 1967 Deos
945 1916 1056 1990 aperte
1075 1905 1181 1968 homi-

140 2018 234 2081 nibus
262 2018 453 2094 ostendisse,
479 2007 541 2081 non
568 2039 634 2079 esse
656 2019 690 2080 in
711 2018 801 2081 malis
823 2017 1003 2081 habendam
1022 2030 1178 2096 mortem,

139 2151 242 2217 quum
260 2153 330 2195 eam
355 2142 507 2216 tanquam
526 2133 650 2197 virtutis
674 2134 851 2215 praemium
870 2133 1029 2197 nonnullis
1050 2156 1179 2198 conces·

139 2247 264 2309 sissent.
300 2248 386 2309 llaec
405 2257 512 2308 autem
530 2247 763 2331 argumentatio
779 2248 909 2311 Graecis
928 2248 962 2309 in
981 2249 1090 2331 primis
1108 2249 1181 2331 pla-

141 2381 214 2423 cere
233 2358 355 2436 debuit,
376 2369 474 2443 atque
492 2357 524 2421 id
547 2359 694 2436 efficere,
718 2369 753 2422 ut
772 2380 869 2443 quam
886 2371 979 2422 antea
1002 2360 1179 2425 habuerant

141 2473 340 2559 opinionem,
365 2471 581 2550 dimitterent,
607 2494 707 2558 quum
736 2472 841 2535 divina
872 2474 1061 2537 auctoritate
1094 2497 1180 2539 nunc

99 2597 115 2654 .’
140 2588 177 2650 iis
200 2598 281 2653 esset
302 2608 510 2670 persuasum,
546 2587 624 2650 lalso
647 2609 679 2649 se
702 2586 915 2664 existimasse,
951 2609 989 2650 ao
1012 2609 1179 2671 perperam

140 2701 173 2764 in
194 2700 336 2762 malisse
358 2700 525 2778 habuisse,
551 2699 637 2786 quod
658 2701 764 2784 potius
788 2701 929 2764 inbonis
949 2712 1030 2763 esset
1049 2723 1179 2765 enume-

141 2812 287 2878 randum.

184 2928 292 2990 Altera
324 2938 431 2990 autem
463 2929 589 3011 opinio,
623 2948 706 3011 quae
735 2927 775 2990 ad
798 2927 979 3011 augendum
1001 2948 1179 2992 moerorem

140 3062 295 3126 perquam
316 3041 420 3119 valet,
444 3041 649 3126 animumque
672 3041 841 3103 moerentis
864 3040 1068 3104 vehementer
1091 3062 1177 3104 com·

139 3165 266 3232 moret,
291 3166 337 3217 est
360 3155 416 3218 ubi
438 3154 627 3220 defunctum
650 3166 775 3239 reputat
797 3155 943 3218 omnibus
972 3154 1066 3218 huius
1096 3155 1178 3217 vitae

140 3269 231 3332 bonis
250 3291 316 3332 esse
337 3269 505 3352 privatum.
552 3268 664 3348 Quod,
698 3269 819 3331 etiarnsi
849 3267 888 3330 de
922 3269 1085 3347 omnibus,
1121 3266 1177 3353 qui

174 3534 200 3599 1)
235 3537 324 3584 llirum
343 3541 382 3583 est
396 3536 514 3597 omnino,
533 3536 652 3598 antiquos
670 3551 768 3599 semper
790 3536 825 3583 ita
844 3535 960 3584 statuisse
980 3534 1011 3583 de
1033 3541 1129 3597 morte,
1149 3542 1178 3583 ut

138 3631 169 3677 ed
185 3630 226 3677 rel
236 3645 336 3676 omnem
352 3645 453 3676 sensum
469 3630 566 3691 amitti,
584 3631 622 3676 vel
634 3631 783 3677 felicitatem
795 3630 934 3693 comparari
949 3628 1079 3691 dicerent,
1094 3646 1178 3692 neque

139 3724 281 3784 cogitasse,
295 3723 351 3770 fieri
367 3739 457 3786 posse,
477 3728 506 3770 ut
521 3724 634 3785 animus,
654 3730 710 3787 post
726 3729 848 3785 mortem,
868 3724 939 3770 malis
957 3723 1117 3770 obrueretur.
1137 3724 1177 3770 Sic

139 3833 162 3864 v.
183 3833 205 3864 c.
225 3817 276 3866 Cic.
295 3816 326 3878 de
351 3818 449 3864 Seneet.
475 3833 497 3864 c.
518 3816 551 3864 19
575 3818 653 3864 dicit:
692 3819 764 3865 Mors
791 3824 838 3864 out
849 3817 927 3882 plone
944 3815 1101 3880 negligenda
1120 3824 1175 3880 est,

138 3913 278 3960 aimoino
297 3913 445 3975 exstinguit
462 3912 590 3973 animum,
609 3917 656 3957 aut
673 3913 750 3959 etiam
768 3910 890 3974 optanda,
909 3912 935 3956 si
956 3910 1043 3973 aliquo
1061 3908 1116 3958 oum
1134 3911 1179 3960 de-

139 4004 228 4067 ducit,
253 4005 298 4051 udi
321 4008 358 4052 sit
372 4004 485 4065 futurus
509 4011 635 4053 aeternus.
663 4005 746 4066 Atqui
765 4008 870 4052 tertium
888 4009 955 4050 certe
977 4004 1048 4051 nihil
1063 4006 1180 4053 inveniri

120 4142 125 4150 ,
137 4105 228 4163 potest.

929 4164 1052 4243 9²,
