2648 4844
681 346 724 407 86

185 531 318 593 riantur.
356 530 425 590 Duo
447 538 611 611 praeterea
634 535 803 610 praecepta
832 523 922 585 uobis
952 523 983 582 in
1011 521 1122 605 primis
1153 531 1226 582 sunt

185 643 341 720 tenenda,
364 665 459 704 nosce
477 655 509 703 te
526 644 653 724 ipsum,
673 654 703 700 et
719 663 759 700 ne
771 637 857 723 quid
874 638 1001 711 nimie,
1023 656 1107 719 quae
1119 635 1163 696 ita
1175 656 1227 696 se-

186 778 260 819 cum
283 757 419 818 invicem
439 766 512 816 suut
532 755 722 835 conjuncta,
745 763 780 813 ut
800 751 936 813 alterum
955 749 1021 809 sine
1040 747 1142 810 altero
1161 769 1226 809 esse

186 881 334 954 nequeat.
377 869 516 931 sienim
537 877 657 928 nosmet
681 845 764 949 ipsos
783 865 864 926 bene
887 863 1086 938 noverimus,
1121 882 1226 945 neque

185 982 276 1044 bonis
295 981 540 1057 exsultabimus,
562 1001 667 1064 neque
687 978 776 1040 malis
794 977 1052 1040 succumbemus.
1078 976 1162 1037 Sunt
1179 986 1226 1036 ta-

186 1117 259 1157 men
282 1095 456 1178 permulti,
493 1094 549 1178 qui
573 1116 627 1169 ea,
649 1114 732 1177 quae
755 1091 917 1174 inopinato
938 1101 969 1152 et
988 1101 1116 1173 praeter
1139 1109 1227 1171 spem

186 1220 378 1285 evenerunt,
406 1209 554 1270 fortunae
573 1228 610 1268 ac
630 1207 764 1269 deorum
787 1205 983 1290 malignitate
1008 1202 1157 1266 accidere
1174 1224 1228 1264 ex·

184 1322 344 1397 istimeut,
371 1332 403 1383 at
424 1342 517 1396 vero,
539 1331 575 1381 ut
595 1330 682 1382 recte
706 1310 822 1388 cecinit
843 1328 956 1401 poeta:

304 1469 382 1548 Θεός
405 1470 440 1534 de'
461 1494 506 1535 σοι
529 1468 603 1554 πῆμ’
626 1465 731 1547 οὐδὲν,
755 1467 815 1533 ἀλλ’
838 1467 928 1546 αύτός
951 1467 987 1532 orl
1010 1471 1066 1531 ool.
1077 1468 1103 1556 1)

188 1638 296 1699 Nostra
326 1638 411 1698 euim
433 1639 587 1720 pravitate
620 1638 711 1700 nohis
741 1656 961 1719 comparamus
989 1634 1092 1712 mala,
1122 1656 1228 1719 quae,

186 1762 223 1813 ut
243 1763 366 1813 uosmet
387 1773 594 1827 excusemus,
623 1752 769 1813 fortunae
792 1749 918 1834 diisque
940 1749 1122 1812 tribuimus.
1166 1748 1227 1811 Sed

188 1875 290 1935 tamen
302 1864 402 1941 Deus,
416 1865 472 1948 qui
487 1875 619 1947 paterna
633 1864 766 1927 caritate
776 1863 930 1946 prospicit
945 1863 1054 1946 generi
1068 1862 1229 1938 humano,

187 1977 275 2040 hunc
293 1977 425 2039 illumve
448 1978 584 2058 juvenili
601 1990 703 2041 aetate
722 1978 871 2059 surripit,
899 1987 935 2038 ut
962 1998 1001 2037 ne
1027 1975 1151 2038 diutius
1181 1976 1228 2037 vi-

186 2111 261 2151 vens
282 2102 562 2174 corrumperetur,
586 2092 734 2176 vitaeque
757 2091 888 2152 sentiret
910 2089 1002 2154 mala.
1038 2090 1076 2152 In
1098 2110 1224 2152 memo-

188 2204 266 2266 riam
284 2214 449 2285 praeterea
472 2215 544 2266 sunt
573 2204 750 2267 revocanda
770 2203 901 2287 egregia
924 2205 1066 2265 virorum
1088 2201 1176 2266 dicta
1199 2214 1230 2266 et

187 2316 302 2401 agendi
326 2318 425 2394 ratio,
447 2339 547 2401 quum
568 2319 600 2379 in
620 2316 732 2380 iisdem
750 2327 953 2378 versarentur
975 2316 1228 2394 calamitatibus,

188 2431 284 2492 veluti
297 2431 522 2516 Anaxagorae,
536 2433 592 2515 qui
606 2480 613 2508 ,
638 2430 745 2494 audita
764 2431 821 2493 lilii
834 2441 955 2507 morte,
979 2429 1078 2493 dixit:
1104 2432 1229 2508 ,‚scivi,

188 2565 238 2605 me
260 2543 426 2606 mortalem
447 2550 674 2628 procreasse,”
705 2544 854 2620 Periclis,
879 2545 935 2627 qui
954 2527 1031 2606 item
1049 2543 1110 2606 filii
1129 2556 1230 2608 morte

189 2659 358 2733 nunciata,
392 2659 547 2742 pergebat
568 2659 751 2721 concionari
771 2668 802 2718 et
823 2656 1029 2720 Athenienses
1049 2656 1088 2720 ad
1105 2658 1230 2722 bellum

186 2769 365 2847 adhortari,
384 2781 452 2833 tum
466 2773 559 2833 etiam
578 2772 819 2856 Xenophontis,
841 2772 966 2848 Dionis,
991 2771 1140 2838 aliorum.
1166 2775 1230 2837 Hos

189 2884 287 2968 igitur
310 2884 426 2947 imitari
449 2884 620 2963 debemus,
645 2907 749 2970 neque
771 2885 908 2969 amplius
929 2884 1125 2970 lugendum,
1155 2910 1230 2951 cum

188 2997 284 3059 breve
303 2998 342 3059 sit
359 2999 440 3061 ritae
460 3001 614 3083 spatium,
642 3011 673 3060 et
695 2999 800 3084 quoad
821 2999 889 3060 lieri
909 2995 1031 3082 potesl,
1058 2999 1231 3081 jucundis-

188 3111 265 3172 sime
288 3112 540 3196 transigendum.
555 3110 580 3197 ²)

232 3224 326 3284 Hisce
345 3222 455 3302 dictis,
477 3224 683 3307 Apollonium
698 3227 875 3311 alloquitur
893 3227 1096 3305 Plutarchus,
1112 3229 1232 3313 ipsius-

189 3355 252 3418 que
275 3335 331 3397 filii
362 3338 571 3420 probitatem,
602 3338 819 3424 diligentiam,
853 3340 1056 3425 prudentiam
1085 3341 1230 3428 aliasque

188 3449 321 3512 virtutes
340 3451 466 3530 laudat,
490 3454 608 3538 quihus
633 3453 712 3516 haee
735 3453 833 3517 addit.
868 3455 900 3517 Si
919 3477 1030 3518 verum
1050 3466 1115 3533 est,
1140 3456 1231 3541 quod

221 3790 246 3852 1)
283 3795 348 3843 Plus.
367 3798 384 3846 l.
398 3798 413 3844 l.
432 3815 455 3862 p.
472 3798 522 3846 117
538 3801 567 3846 A.
587 3800 752 3860 provulgata
776 3784 866 3863 atlttlg
887 3786 981 3874 αὐτῷ,
1000 3800 1118 3848 dedimus
1139 3787 1234 3866 mitslg

111 3937 125 3957 ο
168 3892 224 3934 ov
241 3876 296 3949 σοὶ,
314 3889 345 3936 de
359 3893 575 3952 egregiaPorsoni
591 3894 767 3942 emendatione
788 3894 821 3939 od
835 3896 927 3956 Emip.
950 3895 1016 3942 Med.
1037 3893 1096 3955 140,
1116 3907 1233 3957 quocum

187 3980 246 4026 nco
265 3981 377 4032 osterum
393 3986 423 4033 aa
440 3987 464 4032 s.
485 3988 500 4032 t.
888 3974 890 3978 ’

220 4072 245 4135 2)
282 4076 347 4127 Plut.
365 4080 381 4125 l.
397 4079 414 4126 l.
431 4096 453 4142 p.
474 4079 523 4129 113
536 4114 565 4120 -
578 4079 659 4126 119,-
