2648 4844
647 329 670 388 8

139 512 356 599 gravissimum
379 521 424 572 est
446 507 630 572 consolandi
653 517 900 591 argumentum,
922 513 1005 566 totus
1030 525 1047 565 e
1069 503 1175 588 phito-

139 626 268 709 sophiae
300 623 420 685 ditione
442 635 510 685 erat
532 620 706 685 desumtus.
750 620 803 682 Sic
829 629 936 681 autem
967 618 1108 696 sactum,
1140 629 1176 681 ut
1217 666 1220 673 ,

138 738 254 803 deinde
266 737 439 799 consolatio
461 757 553 798 suum
575 736 607 797 in
619 732 842 819 philosophia,
865 753 902 793 ex
924 731 1086 794 Posidonii
1107 730 1176 794 dis-

138 852 333 927 tributione,
360 848 467 911 loeum
487 848 632 912 haberet.
661 847 741 912 Gum
763 847 848 908 enim
868 845 966 908 Stoici
996 844 1176 907 dividerent

138 965 276 1027 ethicam
287 966 336 1038 τίς
356 987 393 1028 τε
413 958 469 1030 τόν
490 965 569 1052 περὶ
591 959 712 1087 ὁρμῆς,
735 962 790 1026 καί
811 962 858 1035 εἰς
878 955 934 1027 τον
948 961 1027 1050 περὶ
1042 954 1177 1046 ἀγαθῶν

138 1074 191 1138 καὶ
206 1072 310 1137 κακῶν
324 1065 441 1153 τόπον,
464 1075 517 1139 καὶ
533 1073 581 1148 εἰς
596 1067 652 1139 τόν
667 1096 746 1160 περι
737 1072 883 1137 παθῶν
897 1070 1041 1158 καὶπερὶ
1059 1064 1178 1158 αἱρετῆς

137 1185 191 1249 καὶ
212 1183 292 1273 περὶ
312 1182 434 1264 τέλους,
458 1186 537 1271 περί
558 1207 594 1248 τε
609 1185 667 1272 τῆς
682 1174 816 1271 πρώτης
832 1174 926 1260 ἆξίας
940 1181 994 1245 καὶ
1010 1182 1075 1245 τῶν
1090 1171 1176 1268 πρά-

138 1295 233 1374 ξενον,
256 1295 308 1358 καὶ
326 1294 405 1381 περὶ
420 1296 485 1359 τῶν
500 1286 717 1382 καθηκόντων,
741 1293 941 1381 προτροπῶν
967 1315 1003 1355 τε
1023 1291 1078 1356 καὶ
1094 1284 1176 1355 ἀπο-

138 1407 279 1492 τροπῶν,
288 1405 315 1492 1)
327 1407 514 1472 Posidonius
526 1431 590 1472 non
604 1420 727 1471 tantum
741 1407 1001 1491 praeceptionem
1013 1406 1178 1468 sedetiam

139 1520 316 1582 suasionem
339 1532 371 1585 et
383 1523 630 1586 consolationem
648 1534 679 1584 et
690 1521 943 1585 exhortationem
966 1521 1177 1584 necessariam

134 1612 351 1721 judicasit,²)
378 1657 461 1720 quae
484 1658 519 1699 ex
543 1636 610 1718 ejus
634 1636 789 1698 sententia
812 1635 984 1698 subdivisio
1007 1635 1105 1697 fuisse
1128 1635 1178 1696 vi-

139 1746 233 1810 detur
262 1748 324 1810 loci
358 1748 424 1810 τῶν
454 1746 654 1833 προτροπῶν
672 1769 708 1809 τε
746 1745 800 1808 καὶ
837 1737 1045 1834 ἀποτροπῶν.
1088 1747 1178 1810 Idem

34 1929 47 1947 ⁹
138 1859 297 1943 placuisse
316 1858 444 1924 Eudoro
462 1859 656 1923 Academico
668 1869 883 1938 memoratur,
908 1854 934 1945 ³)
961 1860 1018 1945 qui
1037 1860 1179 1926 ethicam

138 1974 172 2034 in
185 1984 248 2036 tres
259 1986 383 2058 partes,
405 1963 443 2037 το
465 1970 523 2051 μὲν
543 1969 623 2058 περὶ
643 1962 699 2057 τήν
719 1968 866 2056 θεωρίαν
880 1969 939 2056 τῆς
948 1962 1022 2034 καθ’
1046 1970 1180 2037 ἕκαστον

139 2073 246 2163 α’ξίας,
269 2077 307 2150 id
330 2082 367 2150 δὲ
388 2082 467 2170 περὶ
488 2075 544 2169 τήν
566 2072 676 2169 ὁρμήν,
699 2072 737 2145 τὸ
760 2077 797 2145 δὲ
818 2078 897 2166 περὶ
918 2072 974 2169 τήν
994 2082 1124 2169 πρᾶξιν,
1142 2106 1180 2149 ac

139 2208 332 2280 postremam
361 2197 445 2260 hane
481 2206 604 2280 partem
643 2194 688 2256 sic
728 2193 849 2255 divisit:
882 2192 943 2257 τοῦ
964 2191 1001 2258 δὲ
1022 2194 1182 2284 περὶτῆς

138 2299 291 2395 πράξεως
318 2298 431 2394 λόγον,
455 2298 554 2389 ὁμέν
580 2302 648 2368 ἐστι
674 2302 754 2390 περὶ
774 2304 839 2368 τῶν
866 2294 1066 2370 οἰκειοὺντων
1092 2298 1182 2394 πρός

309 2409 315 2432 ί
1004 2405 1015 2428 Ἰ
1051 2407 1060 2430 ἱ
1151 2417 1165 2432 νυ

139 2525 300 2613 πράξεων·
325 2564 356 2572 -
384 2527 438 2590 καὶ
460 2519 478 2591 ὁ
500 2525 558 2608 μὲν
579 2523 658 2612 περὶ
679 2525 744 2589 τῶν
765 2515 966 2590 οἰκειούντων
986 2516 1073 2613 πρός
1093 2550 1183 2602 τινας

139 2628 276 2725 πράξεις
303 2639 475 2725 διαιρεῖται
506 2637 555 2710 είς
580 2658 617 2700 τε
643 2627 700 2701 τόν
721 2627 918 2701 ὑποθετικὸν
939 2635 993 2700 καὶ
1013 2629 1069 2700 τόν
1096 2660 1180 2726 προ-

284 2741 292 2762 Χ

141 2861 371 2953 ραμοθρτικός,
395 2859 432 2941 ὃς
448 2855 642 2947 καλούμενός
658 2863 727 2930 ἐστι
742 2858 828 2951 προς
844 2863 934 2929 ἐνίων
949 2857 1181 2951 παθοίογικός.

176 3168 200 3227 1)
237 3170 306 3230 Biog.
330 3171 410 3217 Laert.
431 3168 486 3216 VII.
503 3166 545 3215 81.
572 3168 756 3230 quem-locum
781 3169 855 3215 affort
873 3168 908 3216 Gi.
936 3168 1026 3215 Bokiue
1052 3170 1128 3232 Disp.
1150 3169 1182 3216 du

143 3263 280 3309 Posidonio
302 3280 325 3325 p.
347 3261 405 3310 186.

118 3366 122 3372 ’
175 3353 201 3416 2)
239 3357 320 3404 Verba
338 3361 398 3403 aunt
414 3357 523 3403 Senecae
543 3357 628 3418 Epist
646 3354 687 3402 95.

175 3447 201 3509 3)
238 3451 293 3497 Vid.
308 3451 429 3498 Stohaeue
449 3450 539 3512 Eolog.
566 3449 655 3496 Etttc.
675 3465 700 3511 p.
714 3446 778 3511 161,
797 3447 847 3497 162
865 3450 901 3497 Cf.
918 3450 1047 3496 Heeronue
1061 3450 1093 3496 ad
1113 3450 1138 3497 h.
1161 3449 1181 3497 1,

142 3545 197 3591 vot.
224 3544 255 3590 11.
281 3560 304 3606 p.
321 3542 354 3589 47
376 3543 420 3589 uhi
442 3542 518 3590 dicit:
548 3542 670 3589 Eudorus
693 3543 741 3588 iile
760 3544 820 3604 quis
839 3550 864 3589 ot
878 3558 926 3605 quo
945 3548 1051 3606 ternpore
1068 3543 1180 3605 uicerit,

141 3641 266 3685 iucertum
285 3643 339 3692 κοί)Ι
365 3637 406 3682 uil
420 3642 536 3696 constat,
555 3636 610 3683 uisi
625 3635 692 3699 quod
711 3636 864 3698 Simplicius
882 3638 910 3682 iu
927 3642 1008 3700 cotug.
1028 3635 1182 3684 Aristotelia

139 3734 237 3796 possim
248 3731 379 3778 Eudorum
387 3730 569 3778 Academicum
582 3733 766 3792 commemorat,
783 3731 867 3792 quiin
875 3729 1028 3777 Aristotelis
1035 3732 1195 3796 categorias·

143 3831 319 3872 couiiucutotus
332 3824 433 3883 suerat.
461 3824 583 3886 Scripsit,
603 3830 634 3869 ut
654 3839 685 3870 eu
702 3823 807 3871 Stobaeo
822 3830 940 3887 apparet,
967 3812 1107 3894 διαίρεσιν
1129 3808 1201 3876 τοῦΙ

141 3903 214 3968 uuiti
243 3906 419 3988 φιλοσοφίαν
445 3902 534 3986 λόγου
558 3917 701 3978 etquidem
719 3907 965 3990 προβληματικῶς
982 3928 1001 3973 ν’.
1017 3943 1038 3975 ο,
1058 3935 1087 3974 αι
1103 3944 1183 3991 quao-

143 4022 252 4077 ιιὶοιινν,
273 4036 336 4081 queis
352 4020 382 4067 do
395 4021 512 4082 singuiis
528 4022 592 4066 loeis
608 4022 745 4067 innuissent
759 4020 919 4082 philosophi,
935 4027 1073 4078 σκοπέοντί.
