<?xml version="1.0" encoding="UTF-8"?>
<!DOCTYPE html PUBLIC "-//W3C//DTD XHTML 1.0 Transitional//EN"
    "http://www.w3.org/TR/xhtml1/DTD/xhtml1-transitional.dtd">
<html xmlns="http://www.w3.org/1999/xhtml" xml:lang="en" lang="en">
 <head>
  <title>
</title>
<meta http-equiv="Content-Type" content="text/html;charset=utf-8" />
  <meta name='ocr-system' content='tesseract 3.04.00' />
  <meta name='ocr-capabilities' content='ocr_page ocr_carea ocr_par ocr_line ocrx_word'/>
</head>
<body>
  <div class='ocr_page' id='page_1' title='image "./diatribeinlocum00heusgoog_0128.png"; bbox 0 0 2648 4844; ppageno 0'>
   <div class='ocr_carea' id='block_1_1' title="bbox 643 303 682 363">
    <p class='ocr_par' dir='ltr' id='par_1_1' title="bbox 643 303 682 363">
     <span class='ocr_line' id='line_1_1' title="bbox 643 303 682 363; baseline -0.077 0"><span class='ocrx_word' id='word_1_1' title='bbox 643 303 682 363; x_wconf 84' lang='lat'><strong>61</strong></span> 
     </span>
    </p>
   </div>
   <div class='ocr_carea' id='block_1_2' title="bbox 69 481 1184 3298">
    <p class='ocr_par' dir='ltr' id='par_1_2' title="bbox 69 481 1184 3298">
     <span class='ocr_line' id='line_1_2' title="bbox 137 481 1181 566; baseline -0.003 -17"><span class='ocrx_word' id='word_1_2' title='bbox 137 486 205 549; x_wconf 85' lang='lat' dir='ltr'><strong>alio</strong></span> <span class='ocrx_word' id='word_1_3' title='bbox 219 493 432 559; x_wconf 88' lang='lat' dir='ltr'><strong>memoratur;</strong></span> <span class='ocrx_word' id='word_1_4' title='bbox 446 481 501 544; x_wconf 86' lang='lat' dir='ltr'><strong>sed</strong></span> <span class='ocrx_word' id='word_1_5' title='bbox 517 493 640 544; x_wconf 90' lang='lat' dir='ltr'><strong>constat</strong></span> <span class='ocrx_word' id='word_1_6' title='bbox 658 503 694 543; x_wconf 82' lang='lat' dir='ltr'><strong>ex</strong></span> <span class='ocrx_word' id='word_1_7' title='bbox 711 481 891 559; x_wconf 91' lang='lat' dir='ltr'><strong>Ciceronis,</strong></span> <span class='ocrx_word' id='word_1_8' title='bbox 903 502 988 566; x_wconf 88' lang='lat' dir='ltr'><strong>quae</strong></span> <span class='ocrx_word' id='word_1_9' title='bbox 1002 482 1181 562; x_wconf 74' lang='lat' dir='ltr'><strong>attulimus,</strong></span> 
     </span>
     <span class='ocr_line' id='line_1_3' title="bbox 139 593 1182 679; baseline -0.003 -17"><span class='ocrx_word' id='word_1_10' title='bbox 139 599 267 675; x_wconf 85' lang='lat' dir='ltr'><strong>verbis,</strong></span> <span class='ocrx_word' id='word_1_11' title='bbox 302 597 400 659; x_wconf 89' lang='lat' dir='ltr'><strong>fuisse</strong></span> <span class='ocrx_word' id='word_1_12' title='bbox 420 595 607 679; x_wconf 82' lang='lat' dir='ltr'>dialogum,</span> <span class='ocrx_word' id='word_1_13' title='bbox 636 595 736 679; x_wconf 92' lang='lat' dir='ltr'><strong>inque</strong></span> <span class='ocrx_word' id='word_1_14' title='bbox 749 615 793 657; x_wconf 47' lang='lat' dir='ltr'><strong>*eo</strong></span> <span class='ocrx_word' id='word_1_15' title='bbox 818 594 979 679; x_wconf 86' lang='lat' dir='ltr'><strong>quendam</strong></span> <span class='ocrx_word' id='word_1_16' title='bbox 996 595 1039 658; x_wconf 90' lang='lat' dir='ltr'><strong>ita</strong></span> <span class='ocrx_word' id='word_1_17' title='bbox 1057 593 1097 658; x_wconf 90' lang='lat' dir='ltr'><strong>de</strong></span> <span class='ocrx_word' id='word_1_18' title='bbox 1118 597 1182 660; x_wconf 85' lang='lat' dir='ltr'><strong>vita</strong></span> 
     </span>
     <span class='ocr_line' id='line_1_4' title="bbox 138 708 1181 798; baseline -0.004 -22"><span class='ocrx_word' id='word_1_19' title='bbox 138 714 277 798; x_wconf 87' lang='lat' dir='ltr'><strong>eiusque</strong></span> <span class='ocrx_word' id='word_1_20' title='bbox 296 709 429 773; x_wconf 90' lang='lat' dir='ltr'><strong>miseriis</strong></span> <span class='ocrx_word' id='word_1_21' title='bbox 449 708 648 787; x_wconf 81' lang='lat' dir='ltr'><strong>disseruisse,</strong></span> <span class='ocrx_word' id='word_1_22' title='bbox 672 719 708 770; x_wconf 91' lang='lat' dir='ltr'><strong>nt</strong></span> <span class='ocrx_word' id='word_1_23' title='bbox 723 756 732 786; x_wconf 89' lang='lat'><strong>,</strong></span> <span class='ocrx_word' id='word_1_24' title='bbox 745 708 834 792; x_wconf 92' lang='lat' dir='ltr'><strong>quod</strong></span> <span class='ocrx_word' id='word_1_25' title='bbox 852 708 937 771; x_wconf 88' lang='lat' dir='ltr'><strong>idem</strong></span> <span class='ocrx_word' id='word_1_26' title='bbox 956 730 1052 792; x_wconf 94' lang='lat' dir='ltr'><strong>porro</strong></span> <span class='ocrx_word' id='word_1_27' title='bbox 1069 709 1181 788; x_wconf 88' lang='lat' dir='ltr'><strong>docet,</strong></span> 
     </span>
     <span class='ocr_line' id='line_1_5' title="bbox 140 822 1183 907; baseline -0.001 -20"><span class='ocrx_word' id='word_1_28' title='bbox 140 828 247 889; x_wconf 81' lang='lat' dir='ltr'><strong>virere</strong></span> <span class='ocrx_word' id='word_1_29' title='bbox 269 825 388 887; x_wconf 89' lang='lat' dir='ltr'><strong>nemini</strong></span> <span class='ocrx_word' id='word_1_30' title='bbox 411 823 560 907; x_wconf 81' lang='lat' dir='ltr'><strong>expedire</strong></span> <span class='ocrx_word' id='word_1_31' title='bbox 582 822 800 886; x_wconf 82' lang='lat' dir='ltr'><strong>contenderet.</strong></span> <span class='ocrx_word' id='word_1_32' title='bbox 825 822 920 903; x_wconf 91' lang='lat' dir='ltr'><strong>Quod</strong></span> <span class='ocrx_word' id='word_1_33' title='bbox 939 844 1013 886; x_wconf 79' lang='lat' dir='ltr'><strong>vero</strong></span> <span class='ocrx_word' id='word_1_34' title='bbox 1035 823 1091 885; x_wconf 89' lang='lat' dir='ltr'><strong>ille</strong></span> <span class='ocrx_word' id='word_1_35' title='bbox 1110 822 1183 886; x_wconf 79' lang='lat' dir='ltr'><strong>dia·</strong></span> 
     </span>
     <span class='ocr_line' id='line_1_6' title="bbox 140 936 1183 1026; baseline -0.004 -23"><span class='ocrx_word' id='word_1_36' title='bbox 140 941 208 1026; x_wconf 89' lang='lat' dir='ltr'><strong>logi</strong></span> <span class='ocrx_word' id='word_1_37' title='bbox 226 939 363 1022; x_wconf 86' lang='lat' dir='ltr'><strong>scriptor</strong></span> <span class='ocrx_word' id='word_1_38' title='bbox 384 936 490 999; x_wconf 73' lang='lat' dir='ltr'><strong>inedisi</strong></span> <span class='ocrx_word' id='word_1_39' title='bbox 520 936 580 999; x_wconf 90' lang='lat' dir='ltr'><strong>sibi</strong></span> <span class='ocrx_word' id='word_1_40' title='bbox 609 948 744 1000; x_wconf 89' lang='lat' dir='ltr'><strong>mortem</strong></span> <span class='ocrx_word' id='word_1_41' title='bbox 773 937 970 1001; x_wconf 83' lang='lat' dir='ltr'><strong>consciscere</strong></span> <span class='ocrx_word' id='word_1_42' title='bbox 991 937 1078 1016; x_wconf 89' lang='lat' dir='ltr'><strong>vult,</strong></span> <span class='ocrx_word' id='word_1_43' title='bbox 1108 936 1183 1000; x_wconf 92' lang='lat' dir='ltr'><strong>inde</strong></span> 
     </span>
     <span class='ocr_line' id='line_1_7' title="bbox 140 1048 1184 1137; baseline -0.004 -20"><span class='ocrx_word' id='word_1_44' title='bbox 140 1055 215 1117; x_wconf 91' lang='lat' dir='ltr'><strong>satis</strong></span> <span class='ocrx_word' id='word_1_45' title='bbox 235 1051 444 1137; x_wconf 85' lang='lat' dir='ltr'><strong>probabiliter</strong></span> <span class='ocrx_word' id='word_1_46' title='bbox 464 1050 547 1112; x_wconf 87' lang='lat' dir='ltr'><strong>effici</strong></span> <span class='ocrx_word' id='word_1_47' title='bbox 566 1060 682 1134; x_wconf 89' lang='lat' dir='ltr'><strong>potest,</strong></span> <span class='ocrx_word' id='word_1_48' title='bbox 707 1048 842 1112; x_wconf 89' lang='lat' dir='ltr'><strong>cundem</strong></span> <span class='ocrx_word' id='word_1_49' title='bbox 857 1050 896 1113; x_wconf 94' lang='lat' dir='ltr'><strong>de</strong></span> <span class='ocrx_word' id='word_1_50' title='bbox 911 1062 1013 1114; x_wconf 89' lang='lat' dir='ltr'><strong>morte</strong></span> <span class='ocrx_word' id='word_1_51' title='bbox 1026 1050 1184 1114; x_wconf 84' lang='lat' dir='ltr'><strong>addidisse</strong></span> 
     </span>
     <span class='ocr_line' id='line_1_8' title="bbox 140 1162 1184 1252; baseline -0.003 -22"><span class='ocrx_word' id='word_1_52' title='bbox 140 1166 311 1252; x_wconf 88' lang='lat' dir='ltr'><strong>quaedam,</strong></span> <span class='ocrx_word' id='word_1_53' title='bbox 334 1163 452 1249; x_wconf 90' lang='lat' dir='ltr'><strong>quibus</strong></span> <span class='ocrx_word' id='word_1_54' title='bbox 475 1185 543 1226; x_wconf 90' lang='lat' dir='ltr'><strong>earn</strong></span> <span class='ocrx_word' id='word_1_55' title='bbox 563 1164 691 1226; x_wconf 92' lang='lat' dir='ltr'><strong>omnino</strong></span> <span class='ocrx_word' id='word_1_56' title='bbox 704 1162 912 1247; x_wconf 76' lang='lat' dir='ltr'><strong>expetendam</strong></span> <span class='ocrx_word' id='word_1_57' title='bbox 924 1163 1065 1242; x_wconf 91' lang='lat' dir='ltr'><strong>doceret,</strong></span> <span class='ocrx_word' id='word_1_58' title='bbox 1086 1176 1184 1249; x_wconf 87' lang='lat' dir='ltr'><strong>atque</strong></span> 
     </span>
     <span class='ocr_line' id='line_1_9' title="bbox 143 1276 1183 1362; baseline -0.003 -19"><span class='ocrx_word' id='word_1_59' title='bbox 143 1279 327 1343; x_wconf 89' lang='lat' dir='ltr'><strong>hominibus</strong></span> <span class='ocrx_word' id='word_1_60' title='bbox 348 1277 599 1361; x_wconf 79' lang='lat' dir='ltr'><strong>commendaret.</strong></span> <span class='ocrx_word' id='word_1_61' title='bbox 635 1277 721 1359; x_wconf 89' lang='lat' dir='ltr'><strong>Quid</strong></span> <span class='ocrx_word' id='word_1_62' title='bbox 744 1299 817 1340; x_wconf 86' lang='lat' dir='ltr'><strong>vero</strong></span> <span class='ocrx_word' id='word_1_63' title='bbox 837 1277 894 1340; x_wconf 95' lang='lat' dir='ltr'><strong>ille</strong></span> <span class='ocrx_word' id='word_1_64' title='bbox 921 1276 961 1340; x_wconf 90' lang='lat' dir='ltr'><strong>de</strong></span> <span class='ocrx_word' id='word_1_65' title='bbox 990 1278 1085 1341; x_wconf 89' lang='lat' dir='ltr'><strong>animi</strong></span> <span class='ocrx_word' id='word_1_66' title='bbox 1113 1290 1183 1362; x_wconf 91' lang='lat' dir='ltr'><strong>post</strong></span> 
     </span>
     <span class='ocr_line' id='line_1_10' title="bbox 141 1390 1182 1477; baseline -0.002 -22"><span class='ocrx_word' id='word_1_67' title='bbox 141 1401 280 1456; x_wconf 87' lang='lat' dir='ltr'><strong>mortem</strong></span> <span class='ocrx_word' id='word_1_68' title='bbox 301 1391 483 1458; x_wconf 93' lang='lat' dir='ltr'><strong>conditione</strong></span> <span class='ocrx_word' id='word_1_69' title='bbox 506 1392 671 1468; x_wconf 90' lang='lat' dir='ltr'><strong>statuerit,</strong></span> <span class='ocrx_word' id='word_1_70' title='bbox 701 1402 737 1455; x_wconf 91' lang='lat' dir='ltr'><strong>ut</strong></span> <span class='ocrx_word' id='word_1_71' title='bbox 767 1390 808 1454; x_wconf 93' lang='lat' dir='ltr'><strong>de</strong></span> <span class='ocrx_word' id='word_1_72' title='bbox 836 1391 952 1455; x_wconf 89' lang='lat' dir='ltr'><strong>ceteris</strong></span> <span class='ocrx_word' id='word_1_73' title='bbox 981 1392 1182 1477; x_wconf 83' lang='lat' dir='ltr'><strong>Cyrenaicis,</strong></span> 
     </span>
     <span class='ocr_line' id='line_1_11' title="bbox 142 1504 1183 1591; baseline 0 -21"><span class='ocrx_word' id='word_1_74' title='bbox 142 1529 207 1570; x_wconf 95' lang='lat' dir='ltr'><strong>non</strong></span> <span class='ocrx_word' id='word_1_75' title='bbox 227 1507 346 1591; x_wconf 90' lang='lat' dir='ltr'><strong>liquet;</strong></span> <span class='ocrx_word' id='word_1_76' title='bbox 382 1506 540 1589; x_wconf 88' lang='lat' dir='ltr'><strong>placuisse</strong></span> <span class='ocrx_word' id='word_1_77' title='bbox 559 1525 634 1567; x_wconf 80' lang='lat' dir='ltr'><strong>vero</strong></span> <span class='ocrx_word' id='word_1_78' title='bbox 656 1504 740 1569; x_wconf 85' lang='lat' dir='ltr'><strong>hanc</strong></span> <span class='ocrx_word' id='word_1_79' title='bbox 763 1505 830 1567; x_wconf 88' lang='lat' dir='ltr'><strong>eius</strong></span> <span class='ocrx_word' id='word_1_80' title='bbox 858 1505 1104 1590; x_wconf 92' lang='lat' dir='ltr'><strong>philosophandi</strong></span> <span class='ocrx_word' id='word_1_81' title='bbox 1134 1528 1183 1570; x_wconf 90' lang='lat' dir='ltr'><strong>ra·</strong></span> 
     </span>
     <span class='ocr_line' id='line_1_12' title="bbox 142 1619 1183 1704; baseline -0.001 -20"><span class='ocrx_word' id='word_1_82' title='bbox 142 1623 262 1684; x_wconf 90' lang='lat' dir='ltr'><strong>tionem</strong></span> <span class='ocrx_word' id='word_1_83' title='bbox 283 1619 450 1704; x_wconf 90' lang='lat' dir='ltr'><strong>permultis</strong></span> <span class='ocrx_word' id='word_1_84' title='bbox 472 1629 614 1696; x_wconf 90' lang='lat' dir='ltr'><strong>constat,</strong></span> <span class='ocrx_word' id='word_1_85' title='bbox 645 1619 702 1703; x_wconf 92' lang='lat' dir='ltr'><strong>qui</strong></span> <span class='ocrx_word' id='word_1_86' title='bbox 720 1619 911 1703; x_wconf 86' lang='lat' dir='ltr'><strong>Hegesiacos</strong></span> <span class='ocrx_word' id='word_1_87' title='bbox 931 1641 998 1681; x_wconf 89' lang='lat' dir='ltr'><strong>sese</strong></span> <span class='ocrx_word' id='word_1_88' title='bbox 1017 1621 1183 1684; x_wconf 90' lang='lat' dir='ltr'><strong>nominan-</strong></span> 
     </span>
     <span class='ocr_line' id='line_1_13' title="bbox 142 1729 980 1818; baseline -0.002 -21"><span class='ocrx_word' id='word_1_89' title='bbox 142 1747 208 1813; x_wconf 88' lang='lat' dir='ltr'><strong>tes,</strong></span> <span class='ocrx_word' id='word_1_90' title='bbox 230 1733 373 1817; x_wconf 82' lang='lat' dir='ltr'><strong>magistri</strong></span> <span class='ocrx_word' id='word_1_91' title='bbox 394 1733 510 1816; x_wconf 88' lang='lat' dir='ltr'><strong>placite</strong></span> <span class='ocrx_word' id='word_1_92' title='bbox 532 1744 713 1795; x_wconf 87' lang='lat' dir='ltr'><strong>constanter</strong></span> <span class='ocrx_word' id='word_1_93' title='bbox 732 1733 834 1795; x_wconf 91' lang='lat' dir='ltr'><strong>secuti</strong></span> <span class='ocrx_word' id='word_1_94' title='bbox 855 1744 940 1796; x_wconf 91' lang='lat' dir='ltr'><strong>sunt.</strong></span> <span class='ocrx_word' id='word_1_95' title='bbox 955 1729 980 1818; x_wconf 91' lang='lat'><strong>¹)</strong></span> 
     </span>
     <span class='ocr_line' id='line_1_14' title="bbox 186 1845 1182 1933; baseline -0.002 -21"><span class='ocrx_word' id='word_1_96' title='bbox 186 1847 368 1933; x_wconf 87' lang='lat' dir='ltr'><strong>Cyrenaicis</strong></span> <span class='ocrx_word' id='word_1_97' title='bbox 397 1845 602 1927; x_wconf 86' lang='lat' dir='ltr'><strong>subjiciamus</strong></span> <span class='ocrx_word' id='word_1_98' title='bbox 633 1845 848 1930; x_wconf 76' lang='lat' dir='ltr'><strong>Epicurum,</strong></span> <span class='ocrx_word' id='word_1_99' title='bbox 883 1848 974 1911; x_wconf 89' lang='lat' dir='ltr'><strong>cuius</strong></span> <span class='ocrx_word' id='word_1_100' title='bbox 1004 1846 1182 1912; x_wconf 91' lang='lat' dir='ltr'><strong>doctrinam</strong></span> 
     </span>
     <span class='ocr_line' id='line_1_15' title="bbox 142 1960 1180 2047; baseline 0.001 -22"><span class='ocrx_word' id='word_1_101' title='bbox 142 1983 257 2047; x_wconf 87' lang='lat' dir='ltr'><strong>magna</strong></span> <span class='ocrx_word' id='word_1_102' title='bbox 277 1983 314 2023; x_wconf 82' lang='lat' dir='ltr'><strong>ex</strong></span> <span class='ocrx_word' id='word_1_103' title='bbox 332 1972 423 2045; x_wconf 89' lang='lat' dir='ltr'><strong>parte</strong></span> <span class='ocrx_word' id='word_1_104' title='bbox 441 1983 516 2023; x_wconf 89' lang='lat' dir='ltr'><strong>curn</strong></span> <span class='ocrx_word' id='word_1_105' title='bbox 531 1960 662 2023; x_wconf 92' lang='lat' dir='ltr'><strong>illorum</strong></span> <span class='ocrx_word' id='word_1_106' title='bbox 681 1960 805 2044; x_wconf 89' lang='lat' dir='ltr'><strong>placitis</strong></span> <span class='ocrx_word' id='word_1_107' title='bbox 823 1961 1006 2024; x_wconf 88' lang='lat' dir='ltr'><strong>convenisse</strong></span> <span class='ocrx_word' id='word_1_108' title='bbox 1025 1962 1180 2027; x_wconf 88' lang='lat' dir='ltr'><strong>novimus.</strong></span> 
     </span>
     <span class='ocr_line' id='line_1_16' title="bbox 143 2073 1182 2153; baseline 0.002 -15"><span class='ocrx_word' id='word_1_109' title='bbox 143 2076 286 2139; x_wconf 90' lang='lat' dir='ltr'><strong>Recessit</strong></span> <span class='ocrx_word' id='word_1_110' title='bbox 305 2086 412 2137; x_wconf 90' lang='lat' dir='ltr'><strong>tamen</strong></span> <span class='ocrx_word' id='word_1_111' title='bbox 434 2073 474 2136; x_wconf 86' lang='lat' dir='ltr'><strong>ab</strong></span> <span class='ocrx_word' id='word_1_112' title='bbox 500 2073 613 2136; x_wconf 90' lang='lat' dir='ltr'><strong>iisdem</strong></span> <span class='ocrx_word' id='word_1_113' title='bbox 634 2095 709 2136; x_wconf 90' lang='lat' dir='ltr'><strong>cum</strong></span> <span class='ocrx_word' id='word_1_114' title='bbox 724 2075 758 2136; x_wconf 92' lang='lat' dir='ltr'><strong>in</strong></span> <span class='ocrx_word' id='word_1_115' title='bbox 779 2075 952 2153; x_wconf 55' lang='lat' dir='ltr'><strong>aliis,*tum</strong></span> <span class='ocrx_word' id='word_1_116' title='bbox 972 2076 1007 2138; x_wconf 88' lang='lat' dir='ltr'><strong>in</strong></span> <span class='ocrx_word' id='word_1_117' title='bbox 1028 2076 1182 2141; x_wconf 87' lang='lat' dir='ltr'><strong>sententia</strong></span> 
     </span>
     <span class='ocr_line' id='line_1_17' title="bbox 143 2187 1181 2275; baseline 0.002 -24"><span class='ocrx_word' id='word_1_118' title='bbox 143 2188 182 2251; x_wconf 94' lang='lat' dir='ltr'><strong>de</strong></span> <span class='ocrx_word' id='word_1_119' title='bbox 202 2187 469 2272; x_wconf 87' lang='lat' dir='ltr'><strong>praemeditandis</strong></span> <span class='ocrx_word' id='word_1_120' title='bbox 491 2188 592 2251; x_wconf 89' lang='lat' dir='ltr'><strong>malis.</strong></span> <span class='ocrx_word' id='word_1_121' title='bbox 638 2188 716 2275; x_wconf 87' lang='lat' dir='ltr'><strong>Nam</strong></span> <span class='ocrx_word' id='word_1_122' title='bbox 750 2208 851 2271; x_wconf 92' lang='lat' dir='ltr'><strong>quum</strong></span> <span class='ocrx_word' id='word_1_123' title='bbox 880 2189 949 2265; x_wconf 94' lang='lat' dir='ltr'><strong>illi,</strong></span> <span class='ocrx_word' id='word_1_124' title='bbox 983 2200 1019 2251; x_wconf 92' lang='lat' dir='ltr'><strong>ut</strong></span> <span class='ocrx_word' id='word_1_125' title='bbox 1035 2189 1181 2269; x_wconf 83' lang='lat' dir='ltr'><strong>vidimus,</strong></span> 
     </span>
     <span class='ocr_line' id='line_1_18' title="bbox 145 2300 1181 2386; baseline 0.001 -21"><span class='ocrx_word' id='word_1_126' title='bbox 145 2315 268 2366; x_wconf 86' lang='lat' dir='ltr'><strong>tanttun</strong></span> <span class='ocrx_word' id='word_1_127' title='bbox 290 2302 450 2384; x_wconf 88' lang='lat' dir='ltr'><strong>inopinata</strong></span> <span class='ocrx_word' id='word_1_128' title='bbox 470 2302 504 2363; x_wconf 93' lang='lat' dir='ltr'><strong>in</strong></span> <span class='ocrx_word' id='word_1_129' title='bbox 526 2301 615 2363; x_wconf 88' lang='lat' dir='ltr'><strong>malis</strong></span> <span class='ocrx_word' id='word_1_130' title='bbox 634 2300 806 2379; x_wconf 90' lang='lat' dir='ltr'><strong>haberent,</strong></span> <span class='ocrx_word' id='word_1_131' title='bbox 835 2301 973 2386; x_wconf 90' lang='lat' dir='ltr'><strong>ideoque</strong></span> <span class='ocrx_word' id='word_1_132' title='bbox 994 2302 1181 2385; x_wconf 84' lang='lat' dir='ltr'><strong>praeviden-</strong></span> 
     </span>
     <span class='ocr_line' id='line_1_19' title="bbox 144 2413 1182 2498; baseline 0.002 -20"><span class='ocrx_word' id='word_1_133' title='bbox 144 2415 198 2478; x_wconf 90' lang='lat' dir='ltr'><strong>das</strong></span> <span class='ocrx_word' id='word_1_134' title='bbox 226 2437 293 2477; x_wconf 89' lang='lat' dir='ltr'><strong>esse</strong></span> <span class='ocrx_word' id='word_1_135' title='bbox 316 2415 511 2478; x_wconf 88' lang='lat' dir='ltr'><strong>calamitates</strong></span> <span class='ocrx_word' id='word_1_136' title='bbox 539 2413 709 2491; x_wconf 87' lang='lat' dir='ltr'><strong>docerent,</strong></span> <span class='ocrx_word' id='word_1_137' title='bbox 743 2424 780 2479; x_wconf 89' lang='lat' dir='ltr'><strong>ut</strong></span> <span class='ocrx_word' id='word_1_138' title='bbox 799 2436 838 2475; x_wconf 90' lang='lat' dir='ltr'><strong>ne</strong></span> <span class='ocrx_word' id='word_1_139' title='bbox 857 2415 1024 2498; x_wconf 90' lang='lat' dir='ltr'><strong>repentino</strong></span> <span class='ocrx_word' id='word_1_140' title='bbox 1043 2416 1182 2480; x_wconf 86' lang='lat' dir='ltr'><strong>adventu</strong></span> 
     </span>
     <span class='ocr_line' id='line_1_20' title="bbox 143 2527 1183 2613; baseline 0.004 -23"><span class='ocrx_word' id='word_1_141' title='bbox 143 2530 277 2592; x_wconf 84' lang='lat' dir='ltr'><strong>ferirent</strong></span> <span class='ocrx_word' id='word_1_142' title='bbox 298 2527 536 2606; x_wconf 83' lang='lat' dir='ltr'><strong>vehementius;</strong></span> <span class='ocrx_word' id='word_1_143' title='bbox 568 2528 745 2613; x_wconf 78' lang='lat' dir='ltr'><strong>EpicuruS,</strong></span> <span class='ocrx_word' id='word_1_144' title='bbox 779 2529 970 2592; x_wconf 89' lang='lat' dir='ltr'><strong>contrariam</strong></span> <span class='ocrx_word' id='word_1_145' title='bbox 993 2531 1183 2595; x_wconf 91' lang='lat' dir='ltr'><strong>sententiam</strong></span> 
     </span>
     <span class='ocr_line' id='line_1_21' title="bbox 142 2641 1183 2727; baseline 0 -21"><span class='ocrx_word' id='word_1_146' title='bbox 142 2644 328 2727; x_wconf 82' lang='lat' dir='ltr'><strong>amplexus,</strong></span> <span class='ocrx_word' id='word_1_147' title='bbox 353 2663 480 2704; x_wconf 88' lang='lat' dir='ltr'><strong>necesse</strong></span> <span class='ocrx_word' id='word_1_148' title='bbox 502 2641 649 2719; x_wconf 88' lang='lat' dir='ltr'><strong>dicebat,</strong></span> <span class='ocrx_word' id='word_1_149' title='bbox 673 2653 709 2704; x_wconf 92' lang='lat' dir='ltr'><strong>ut</strong></span> <span class='ocrx_word' id='word_1_150' title='bbox 732 2664 839 2704; x_wconf 90' lang='lat' dir='ltr'><strong>omnes</strong></span> <span class='ocrx_word' id='word_1_151' title='bbox 861 2643 893 2704; x_wconf 93' lang='lat' dir='ltr'><strong>in</strong></span> <span class='ocrx_word' id='word_1_152' title='bbox 913 2643 1114 2727; x_wconf 85' lang='lat' dir='ltr'><strong>aegritudine</strong></span> <span class='ocrx_word' id='word_1_153' title='bbox 1130 2665 1183 2706; x_wconf 88' lang='lat' dir='ltr'><strong>cs·</strong></span> 
     </span>
     <span class='ocr_line' id='line_1_22' title="bbox 143 2755 1182 2843; baseline 0.001 -23"><span class='ocrx_word' id='word_1_154' title='bbox 143 2769 224 2836; x_wconf 88' lang='lat' dir='ltr'><strong>sent,</strong></span> <span class='ocrx_word' id='word_1_155' title='bbox 245 2758 444 2843; x_wconf 89' lang='lat' dir='ltr'><strong>quicumque</strong></span> <span class='ocrx_word' id='word_1_156' title='bbox 466 2778 498 2818; x_wconf 91' lang='lat' dir='ltr'><strong>se</strong></span> <span class='ocrx_word' id='word_1_157' title='bbox 517 2758 550 2818; x_wconf 92' lang='lat' dir='ltr'><strong>in</strong></span> <span class='ocrx_word' id='word_1_158' title='bbox 572 2755 662 2817; x_wconf 89' lang='lat' dir='ltr'><strong>malis</strong></span> <span class='ocrx_word' id='word_1_159' title='bbox 681 2778 747 2817; x_wconf 90' lang='lat' dir='ltr'><strong>esse</strong></span> <span class='ocrx_word' id='word_1_160' title='bbox 767 2756 1020 2834; x_wconf 88' lang='lat' dir='ltr'><strong>arbitrarentur,</strong></span> <span class='ocrx_word' id='word_1_161' title='bbox 1041 2759 1104 2820; x_wconf 82' lang='lat' dir='ltr'><strong>sive</strong></span> <span class='ocrx_word' id='word_1_162' title='bbox 1125 2759 1182 2823; x_wconf 92' lang='lat' dir='ltr'><strong>illa</strong></span> 
     </span>
     <span class='ocr_line' id='line_1_23' title="bbox 143 2869 1182 2958; baseline 0.001 -23"><span class='ocrx_word' id='word_1_163' title='bbox 143 2884 216 2935; x_wconf 91' lang='lat' dir='ltr'><strong>ante</strong></span> <span class='ocrx_word' id='word_1_164' title='bbox 229 2871 353 2955; x_wconf 82' lang='lat' dir='ltr'><strong>provisa</strong></span> <span class='ocrx_word' id='word_1_165' title='bbox 373 2881 404 2932; x_wconf 92' lang='lat' dir='ltr'><strong>et</strong></span> <span class='ocrx_word' id='word_1_166' title='bbox 424 2879 604 2954; x_wconf 81' lang='lat' dir='ltr'><strong>exspectata</strong></span> <span class='ocrx_word' id='word_1_167' title='bbox 626 2880 747 2946; x_wconf 89' lang='lat' dir='ltr'><strong>essent,</strong></span> <span class='ocrx_word' id='word_1_168' title='bbox 771 2869 833 2931; x_wconf 86' lang='lat' dir='ltr'><strong>sive</strong></span> <span class='ocrx_word' id='word_1_169' title='bbox 845 2869 1124 2958; x_wconf 76' lang='lat' dir='ltr'><strong>inveterassent32)</strong></span> <span class='ocrx_word' id='word_1_170' title='bbox 1151 2884 1182 2936; x_wconf 84' lang='lat' dir='ltr'><strong>et</strong></span> 
     </span>
     <span class='ocr_line' id='line_1_24' title="bbox 69 2982 1181 3070; baseline -0.002 -21"><span class='ocrx_word' id='word_1_171' title='bbox 69 3003 71 3006; x_wconf 76' lang='grc'>’</span> <span class='ocrx_word' id='word_1_172' title='bbox 144 2986 327 3070; x_wconf 90' lang='lat' dir='ltr'><strong>opinionem</strong></span> <span class='ocrx_word' id='word_1_173' title='bbox 345 2984 442 3062; x_wconf 88' lang='lat' dir='ltr'><strong>mali,</strong></span> <span class='ocrx_word' id='word_1_174' title='bbox 472 2982 708 3067; x_wconf 86' lang='lat' dir='ltr'><strong>aegritudinem</strong></span> <span class='ocrx_word' id='word_1_175' title='bbox 729 3004 796 3045; x_wconf 92' lang='lat' dir='ltr'><strong>esse</strong></span> <span class='ocrx_word' id='word_1_176' title='bbox 817 2994 932 3046; x_wconf 90' lang='lat' dir='ltr'><strong>natura</strong></span> <span class='ocrx_word' id='word_1_177' title='bbox 954 2983 1181 3063; x_wconf 89' lang='lat' dir='ltr'><strong>arbitrabatur,</strong></span> 
     </span>
     <span class='ocr_line' id='line_1_25' title="bbox 144 3095 1183 3184; baseline -0.001 -22"><span class='ocrx_word' id='word_1_178' title='bbox 144 3111 180 3162; x_wconf 93' lang='lat' dir='ltr'><strong>ut</strong></span> <span class='ocrx_word' id='word_1_179' title='bbox 199 3100 399 3184; x_wconf 88' lang='lat' dir='ltr'><strong>quicumque</strong></span> <span class='ocrx_word' id='word_1_180' title='bbox 420 3098 602 3160; x_wconf 90' lang='lat' dir='ltr'><strong>intueretur</strong></span> <span class='ocrx_word' id='word_1_181' title='bbox 621 3097 654 3159; x_wconf 94' lang='lat' dir='ltr'><strong>in</strong></span> <span class='ocrx_word' id='word_1_182' title='bbox 675 3095 807 3182; x_wconf 90' lang='lat' dir='ltr'><strong>aliquod</strong></span> <span class='ocrx_word' id='word_1_183' title='bbox 827 3096 928 3178; x_wconf 84' lang='lat' dir='ltr'><strong>majus</strong></span> <span class='ocrx_word' id='word_1_184' title='bbox 947 3098 1085 3177; x_wconf 88' lang='lat' dir='ltr'><strong>malum,</strong></span> <span class='ocrx_word' id='word_1_185' title='bbox 1103 3098 1128 3160; x_wconf 92' lang='lat' dir='ltr'><strong>si</strong></span> <span class='ocrx_word' id='word_1_186' title='bbox 1148 3097 1183 3163; x_wconf 93' lang='lat' dir='ltr'><strong>id</strong></span> 
     </span>
     <span class='ocr_line' id='line_1_26' title="bbox 144 3208 1179 3298; baseline 0 -23"><span class='ocrx_word' id='word_1_187' title='bbox 144 3213 204 3275; x_wconf 90' lang='lat' dir='ltr'><strong>sibi</strong></span> <span class='ocrx_word' id='word_1_188' title='bbox 220 3211 374 3276; x_wconf 91' lang='lat' dir='ltr'><strong>accidisse</strong></span> <span class='ocrx_word' id='word_1_189' title='bbox 391 3212 589 3294; x_wconf 88' lang='lat' dir='ltr'><strong>opinaretur,</strong></span> <span class='ocrx_word' id='word_1_190' title='bbox 609 3209 760 3271; x_wconf 90' lang='lat' dir='ltr'><strong>continuo</strong></span> <span class='ocrx_word' id='word_1_191' title='bbox 778 3221 859 3272; x_wconf 90' lang='lat' dir='ltr'><strong>esset</strong></span> <span class='ocrx_word' id='word_1_192' title='bbox 879 3211 911 3272; x_wconf 94' lang='lat' dir='ltr'><strong>in</strong></span> <span class='ocrx_word' id='word_1_193' title='bbox 932 3212 1144 3296; x_wconf 88' lang='lat' dir='ltr'><strong>aegritudine.</strong></span> <span class='ocrx_word' id='word_1_194' title='bbox 1154 3208 1179 3298; x_wconf 77' lang='grc'><strong>3)</strong></span> 
     </span>
    </p>
   </div>
   <div class='ocr_carea' id='block_1_3' title="bbox 144 3305 1183 3408">
    <p class='ocr_par' dir='ltr' id='par_1_3' title="bbox 144 3305 1183 3408">
     <span class='ocr_line' id='line_1_27' title="bbox 144 3305 1183 3408; baseline -0.002 -18"><span class='ocrx_word' id='word_1_195' title='bbox 144 3320 253 3408; x_wconf 84' lang='lat' dir='ltr'><strong>Quum</strong></span> <span class='ocrx_word' id='word_1_196' title='bbox 275 3346 350 3388; x_wconf 88' lang='lat' dir='ltr'><strong>vero</strong></span> <span class='ocrx_word' id='word_1_197' title='bbox 378 3346 503 3387; x_wconf 90' lang='lat' dir='ltr'><strong>omnem</strong></span> <span class='ocrx_word' id='word_1_198' title='bbox 526 3305 744 3407; x_wconf 88' lang='lat' dir='ltr'><strong>philosophiae</strong></span> <span class='ocrx_word' id='word_1_199' title='bbox 766 3321 863 3385; x_wconf 90' lang='lat' dir='ltr'><strong>finem</strong></span> <span class='ocrx_word' id='word_1_200' title='bbox 885 3337 1017 3406; x_wconf 89' lang='lat' dir='ltr'><strong>poneret</strong></span> <span class='ocrx_word' id='word_1_201' title='bbox 1038 3326 1071 3387; x_wconf 91' lang='lat' dir='ltr'><strong>in</strong></span> <span class='ocrx_word' id='word_1_202' title='bbox 1093 3327 1183 3389; x_wconf 92' lang='lat' dir='ltr'><strong>dolo-</strong></span> 
     </span>
    </p>
   </div>
   <div class='ocr_carea' id='block_1_4' title="bbox 145 3434 1182 3523">
    <p class='ocr_par' dir='ltr' id='par_1_4' title="bbox 145 3434 1182 3523">
     <span class='ocr_line' id='line_1_28' title="bbox 145 3434 1182 3523; baseline -0.001 -20"><span class='ocrx_word' id='word_1_203' title='bbox 145 3443 187 3504; x_wconf 92' lang='lat' dir='ltr'><strong>ris</strong></span> <span class='ocrx_word' id='word_1_204' title='bbox 210 3440 368 3504; x_wconf 81' lang='lat' dir='ltr'><strong>vacuitate</strong></span> <span class='ocrx_word' id='word_1_205' title='bbox 398 3439 561 3522; x_wconf 88' lang='lat' dir='ltr'><strong>animique</strong></span> <span class='ocrx_word' id='word_1_206' title='bbox 590 3437 840 3520; x_wconf 88' lang='lat' dir='ltr'><strong>tranquillitate,</strong></span> <span class='ocrx_word' id='word_1_207' title='bbox 860 3434 885 3521; x_wconf 69' lang='lat'><strong>⁴)</strong></span> <span class='ocrx_word' id='word_1_208' title='bbox 917 3436 979 3501; x_wconf 91' lang='lat' dir='ltr'><strong>hoo</strong></span> <span class='ocrx_word' id='word_1_209' title='bbox 1009 3439 1182 3523; x_wconf 87' lang='lat' dir='ltr'><strong>praecipue</strong></span> 
     </span>
    </p>
   </div>
   <div class='ocr_carea' id='block_1_5' title="bbox 148 3584 357 3595">
    <p class='ocr_par' dir='ltr' id='par_1_5' title="bbox 148 3584 357 3595">
     <span class='ocr_line' id='line_1_29' title="bbox 148 3584 357 3595; baseline -0.014 0"><span class='ocrx_word' id='word_1_210' title='bbox 148 3584 357 3595; x_wconf 72' lang='grc'><strong><em>.-...-----</em></strong></span> 
     </span>
    </p>
   </div>
   <div class='ocr_carea' id='block_1_6' title="bbox 123 3652 1183 4097">
    <p class='ocr_par' dir='ltr' id='par_1_6' title="bbox 180 3652 517 3719">
     <span class='ocr_line' id='line_1_30' title="bbox 180 3652 517 3719; baseline -0.018 -11"><span class='ocrx_word' id='word_1_211' title='bbox 180 3657 203 3719; x_wconf 88' lang='lat' dir='ltr'><strong>l)</strong></span> <span class='ocrx_word' id='word_1_212' title='bbox 239 3657 310 3716; x_wconf 75' lang='lat' dir='ltr'><strong>Diog.</strong></span> <span class='ocrx_word' id='word_1_213' title='bbox 327 3656 407 3702; x_wconf 64' lang='lat' dir='ltr'><strong>Lucri.</strong></span> <span class='ocrx_word' id='word_1_214' title='bbox 428 3655 459 3703; x_wconf 85' lang='lat' dir='ltr'><strong>ll.</strong></span> <span class='ocrx_word' id='word_1_215' title='bbox 475 3652 517 3702; x_wconf 79' lang='grc'><strong>85.</strong></span> 
     </span>
    </p>

    <p class='ocr_par' dir='ltr' id='par_1_7' title="bbox 178 3745 554 3819">
     <span class='ocr_line' id='line_1_31' title="bbox 178 3745 554 3819; baseline -0.032 -16"><span class='ocrx_word' id='word_1_216' title='bbox 178 3749 205 3814; x_wconf 80' lang='grc'><strong>2)</strong></span> <span class='ocrx_word' id='word_1_217' title='bbox 241 3751 291 3800; x_wconf 90' lang='lat' dir='ltr'><strong>Cic.</strong></span> <span class='ocrx_word' id='word_1_218' title='bbox 311 3745 554 3819; x_wconf 65' lang='lat' dir='ltr'><strong>Tuso.Q.lll.15.</strong></span> 
     </span>
    </p>

    <p class='ocr_par' dir='ltr' id='par_1_8' title="bbox 178 3839 503 3909">
     <span class='ocr_line' id='line_1_32' title="bbox 178 3839 503 3909; baseline -0.022 -13"><span class='ocrx_word' id='word_1_219' title='bbox 178 3845 210 3909; x_wconf 81' lang='lat'><strong>3)</strong></span> <span class='ocrx_word' id='word_1_220' title='bbox 246 3845 297 3893; x_wconf 90' lang='lat' dir='ltr'><strong>Cic.</strong></span> <span class='ocrx_word' id='word_1_221' title='bbox 316 3842 379 3892; x_wconf 90' lang='lat' dir='ltr'><strong>lbid.</strong></span> <span class='ocrx_word' id='word_1_222' title='bbox 401 3839 503 3889; x_wconf 85' lang='lat'><em>111.13.</em></span> 
     </span>
    </p>

    <p class='ocr_par' dir='ltr' id='par_1_9' title="bbox 123 3930 1183 4097">
     <span class='ocr_line' id='line_1_33' title="bbox 180 3930 1183 4004; baseline -0.007 -17"><span class='ocrx_word' id='word_1_223' title='bbox 180 3940 210 4004; x_wconf 80' lang='lat'><strong>4)</strong></span> <span class='ocrx_word' id='word_1_224' title='bbox 248 3938 303 3987; x_wconf 83' lang='lat' dir='ltr'><strong>vid.</strong></span> <span class='ocrx_word' id='word_1_225' title='bbox 320 3937 367 3983; x_wconf 89' lang='lat' dir='ltr'><strong>hac</strong></span> <span class='ocrx_word' id='word_1_226' title='bbox 382 3935 413 3981; x_wconf 92' lang='lat' dir='ltr'><strong>de</strong></span> <span class='ocrx_word' id='word_1_227' title='bbox 431 3948 457 3980; x_wconf 86' lang='lat' dir='ltr'><strong>re</strong></span> <span class='ocrx_word' id='word_1_228' title='bbox 473 3932 597 3995; x_wconf 83' lang='lat' dir='ltr'><strong>inprimis</strong></span> <span class='ocrx_word' id='word_1_229' title='bbox 616 3932 745 3996; x_wconf 72' lang='lat' dir='ltr'><strong>Hcyboom</strong></span> <span class='ocrx_word' id='word_1_230' title='bbox 763 3930 894 3983; x_wconf 80' lang='lat' dir='ltr'><strong>Cmnmeat.</strong></span> <span class='ocrx_word' id='word_1_231' title='bbox 905 3932 1054 3997; x_wconf 82' lang='lat' dir='ltr'><strong>deperfecto</strong></span> <span class='ocrx_word' id='word_1_232' title='bbox 1069 3938 1183 3999; x_wconf 76' lang='lat' dir='ltr'><strong>sapiente</strong></span> 
     </span>
     <span class='ocr_line' id='line_1_34' title="bbox 123 4014 880 4097; baseline -0.012 -14"><span class='ocrx_word' id='word_1_233' title='bbox 123 4014 127 4021; x_wconf 84' lang='grc'><strong>“</strong></span> <span class='ocrx_word' id='word_1_234' title='bbox 145 4050 170 4097; x_wconf 81' lang='lat' dir='ltr'><strong>p.</strong></span> <span class='ocrx_word' id='word_1_235' title='bbox 182 4031 291 4094; x_wconf 54' lang='lat' dir='ltr'><strong>osaq.</strong></span> <span class='ocrx_word' id='word_1_236' title='bbox 310 4032 336 4078; x_wconf 75' lang='lat' dir='ltr'><strong>sn</strong></span> <span class='ocrx_word' id='word_1_237' title='bbox 353 4028 419 4075; x_wconf 75' lang='lat' dir='ltr'><strong>ann.</strong></span> <span class='ocrx_word' id='word_1_238' title='bbox 437 4025 514 4074; x_wconf 69' lang='lat' dir='ltr'><strong>scae.</strong></span> <span class='ocrx_word' id='word_1_239' title='bbox 532 4027 666 4088; x_wconf 69' lang='lat' dir='ltr'><strong>ruga-en.</strong></span> <span class='ocrx_word' id='word_1_240' title='bbox 684 4023 751 4073; x_wconf 81' lang='lat' dir='ltr'><strong>rose</strong></span> <span class='ocrx_word' id='word_1_241' title='bbox 762 4024 880 4074; x_wconf 77' lang='lat' dir='ltr'><strong>-1oer</strong></span> 
     </span>
    </p>
   </div>
   <div class='ocr_carea' id='block_1_7' title="bbox 0 0 1337 4844">
    <p class='ocr_par' dir='ltr' id='par_1_10' title="bbox 0 0 1337 4844">
     <span class='ocr_line' id='line_1_35' title="bbox 0 0 1337 4844; baseline 0 0"><span class='ocrx_word' id='word_1_242' title='bbox 0 0 1337 4844; x_wconf 95' lang='lat' dir='ltr'><strong> </strong></span> 
     </span>
    </p>
   </div>
  </div>
 </body>
</html>
