2648 4844
644 333 680 399 ljl

143 507 174 580 in.
195 507 345 581 edendo
366 507 477 583 dolore
496 520 528 572 ot
545 507 745 580 consolandis
762 511 889 580 miseris
905 512 1177 594 praestantiam·

138 640 205 706 que
217 621 267 695 ita
282 623 481 698 accuratiore
493 623 735 714 investigatione
750 621 935 708 dignissima
949 624 1176 709 «quaestioeat,

139 755 225 819 illm,
242 733 333 810 duco
348 734 573 820 phileremus,
591 737 624 810 jn
644 735 755 808 eadem
767 758 801 800 re
814 739 1023 821 pervenerint
1039 738 1177 822 astioni·

140 849 227 921 Haec
240 849 332 923 ,euim
349 847 437 933 apud
456 848 569 922 casleu
583 849 649 917 fere
661 861 758 934 alque
770 873 820 915 ars
832 852 1006 929 ritaeerat,
1019 850 1099 919 haec
1112 850 1178 917 sola

143 961 303 1039 medicina
317 963 421 1037 :animi
437 961 631 1042 habebatur,
653 961 735 1036 haec
753 966 917 1048 puriorem
938 964 1076 1036 docendi
1098 965 1178 1033 reli*

140 1076 271 1161 gionem
281 1087 387 1162 paules
405 1077 469 1153 sibi
490 1075 683 1151 lindifflbat.
695 1073 721 1163 1)
755 1078 983 1164 laquonohis,
995 1077 1179 1164 disputan&

129 1201 368 1275 argumentum
378 1190 631 1276 quaerentibus,
650 1192 807 1276 inprimis
824 1190 880 1264 hic
896 1191 1119 1276 philosophiae
1131 1194 1178 1259 lo

143 1325 199 1379 cos
222 1305 347 1384 arrisit,
381 1315 418 1377 ut
440 1305 559 1399 quibus
581 1305 768 1380 consolandi
786 1306 965 1378 udonibus
983 1307 1038 1375 nsi
1058 1307 1180 1379 fuerint

141 1418 266 1502 niqui
287 1417 471 1503 philosophi
489 1419 631 1498 Graeci,
652 1430 877 1505 quantumquo
896 1420 1012 1493 iisdem
1034 1421 1179 1488 tribuno*

143 1529 219 1594 dum
237 1532 299 1610 sit,
323 1531 398 1595 data
421 1555 517 1617 opera
539 1554 576 1607 or
598 1533 719 1607 viribus
736 1533 991 1618 exploraremus.
1026 1535 1179 1606 nolemus

145 1761 348 1770 ——--—*

144 1901 225 1946 lerona
248 1900 340 1961 Brirffs
363 1900 490 1962 Ciceris,
515 1901 560 1961 qui
581 1901 608 1947 in
632 1902 700 1948 notis
724 1901 842 1949 nonnihil
864 1902 964 1949 monuit
985 1901 1017 1949 de
1033 1899 1181 1949 consolandi

142 1994 311 2056 argumentis,
331 1993 425 2056 quihus
449 1994 476 2040 in
492 1994 606 2057 epistolis
629 1995 681 2042 suis
702 2011 762 2042 usus
774 2000 813 2042 est
831 1996 933 2057 Cicero,
961 2011 1115 2056 quamquam
1137 1995 1182 2042 ille

67 2151 69 2159 .
143 2088 210 2136 hunc
228 2093 329 2135 tantum
347 2088 511 2151 scriptorem,
530 2105 582 2136 non
601 2104 662 2136 vero
680 2091 788 2137 Graecos
803 2090 967 2154 philosophos
983 2090 1100 2154 respexit.
1120 2090 1182 2137 llei-

143 2183 240 2230 nersius
261 2187 347 2230 autem
366 2183 393 2228 in
409 2182 468 2230 diss.
498 2184 630 2230 Betracltt.
654 2184 716 2230 siber
738 2184 762 2231 d.
782 2184 835 2231 rod
852 2199 878 2232 n.
904 2185 1019 2248 Trostgr.
1037 2184 1082 2230 dor
1104 2183 1183 2231 Alton

144 2277 223 2324 wider
235 2277 279 2323 die
295 2277 438 2324 Schreclsen
451 2277 598 2344 desselben(
604 2278 682 2326 Verm.
701 2279 773 2326 Phil.
791 2279 865 2326 Schr.
882 2279 938 2325 Vol.
956 2274 1000 2338 ΙΙ.)
1017 2294 1041 2341 p.
1058 2275 1108 2324 166
1125 2292 1181 2339 sqq.

143 2377 211 2419 utet
230 2371 355 2418 Sertorius
376 2372 443 2418 Onon
458 2371 489 2418 sle
507 2377 626 2435 troostgr.
647 2371 692 2419 der
710 2372 790 2419 eudon
808 2372 843 2436 ὂῇ
864 2371 911 2418 don
929 2371 993 2419 dood
1010 2371 1109 2417 donner
1124 2369 1184 2415 lein-

144 2464 217 2512 dsren
237 2465 321 2530 (Mag.
339 2480 397 2512 voor
415 2466 550 2512 wstenscls.
568 2453 614 2513 stc.
631 2467 693 2513 door
712 2482 735 2513 v.
756 2467 870 2528 Kampen
894 2465 950 2512 Vol.
968 2465 987 2512 1.
1007 2464 1034 2511 P.
1054 2459 1098 2526 ΙΙ.)
1117 2478 1184 2511 non-

142 2558 212 2606 nulla
228 2564 329 2606 tantum
347 2574 436 2606 eorum
454 2559 564 2623 scripta,
587 2566 616 2607 ut
629 2560 779 2622 Aeschinis,
798 2559 942 2624 Plutarchi,
966 2559 1076 2606 Senecae
1100 2562 1183 2605 atten-

143 2651 250 2714 derunt,
270 2653 439 2713 neglexerunt
463 2669 523 2700 vero
548 2658 655 2701 ceteros.
692 2656 778 2716 Neque
803 2653 828 2700 id
847 2654 965 2700 fecerunt
984 2653 1041 2698 Fest
1058 2652 1085 2697 in
1105 2665 1182 2713 opero

144 2747 230 2808 Baytr.
256 2761 306 2792 zur
320 2748 495 2811 Barnhignng
518 2747 581 2794 siler
601 2747 749 2814 diejenigen
773 2749 876 2812 Dings,
905 2747 948 2793 dio
966 2745 1021 2793 dens
1044 2744 1183 2793 Menochen

143 2841 318 2906 nnongcnclsm
342 2841 410 2888 sind.
440 2842 522 2905 Leipz.
550 2840 626 2904 1789,
646 2841 758 2904 5v011,
780 2857 864 2904 neque
889 2841 987 2903 ceteri,
1021 2841 1111 2903 quiin
1132 2840 1181 2888 hoo

143 2949 217 2996 opero
236 2934 388 2993 laudantur,
407 2935 615 2999 Weitenkampi,
631 2935 798 2997 Weishsupt‚
817 2935 862 2997 qui
879 2950 965 2982 omnes
978 2934 1058 2994 magis
1079 2932 1183 2993 religio-

142 3027 180 3075 nis
202 3029 358 3076 Christianae
386 3045 462 3091 quam
490 3035 606 3077 veterum
630 3029 839 3093 philosophorum
864 3026 1011 3075 consolandi
1032 3031 1182 3086 argumenta

142 3114 314 3170 attenderunt.
335 3123 405 3170 idem
415 3124 552 3179 dicendum
568 3124 599 3170 de
609 3124 673 3187 disp.
683 3123 820 3171 heinhardi
831 3122 861 3170 ds
865 3122 1030 3186 praestantia
1043 3120 1182 3185 religionis

145 3216 240 3264 Christ.
267 3219 297 3264 in
321 3217 483 3264 consolandis
506 3218 611 3265 miseris
636 3218 739 3285 (Opnso.
759 3216 839 3265 Aoad.
860 3217 916 3264 Vol.
936 3212 980 3279 ΙΙ.)
1000 3232 1024 3280 p.
1044 3214 1095 3263 289
1114 3230 1181 3278 sqq.,

142 3308 202 3359 licet
218 3317 304 3359 tamen
316 3311 361 3359 ilie
377 3311 465 3360 multis
480 3311 544 3360 locis
558 3312 722 3374 antiquorum
732 3311 826 3374 scripta
835 3311 989 3359 adhibuerit.
1004 3309 1111 3356 diuitum
1121 3325 1182 3357 vero

142 3419 180 3453 me
197 3406 225 3453 in
241 3406 290 3453 hoo
306 3405 363 3453 loco
380 3407 512 3454 tractando
527 3406 682 3470 adjuverunt
704 3411 758 3453 tum
781 3405 906 3468 Ruhkops
925 3405 1046 3470 Prologg.
1068 3404 1103 3451 ad
1121 3405 1179 3452 San.

144 3499 214 3547 Oons.
235 3499 270 3546 ad
288 3501 364 3548 Helo.
380 3500 467 3548 v01.1.
484 3516 509 3564 p.
530 3499 579 3549 156
594 3516 643 3563 sq.,
663 3505 717 3548 tum
736 3515 796 3547 vero
818 3499 844 3546 in
863 3499 951 3563 primis
965 3497 1180 3560 wyttenbachius

147 3593 270 3658 Prolcgg.
286 3595 316 3640 in
333 3594 466 3642 annotari
484 3595 555 3643 Plnt.
578 3596 649 3642 Cons.
666 3594 700 3642 ad
714 3593 798 3657 Apoll.
815 3592 871 3640 vol.
889 3594 932 3641 vl.
951 3607 976 3655 p.
993 3590 1045 3639 697
1059 3606 1114 3652 sqq.
1133 3591 1179 3652 qui

142 3687 284 3750 catalogum
302 3688 429 3736 dederunt
447 3689 600 3753 scriptorum
616 3693 747 3750 veterum,
766 3687 811 3750 qui
829 3686 996 3734 consolatoris
1021 3684 1179 3747 scripserunt

142 3796 235 3846 opera,
254 3782 316 3830 licet
331 3787 416 3830 tamen
433 3783 572 3831 nonnullos
590 3783 820 3847 praetermiserint,
840 3784 869 3827 ut
884 3778 1067 3841 Metrodorum,
1086 3778 1179 3827 Panae-

141 3876 220 3937 tium,
241 3876 417 3938 Posidonium,
441 3882 470 3924 ut
493 3882 520 3924 et
538 3878 674 3940 scriptores
691 3877 722 3923 de
738 3875 825 3922 exsilio
843 3879 870 3922 et
885 3879 1026 3921 senectute.

177 3969 206 4032 1)
243 3971 294 4018 cre.
313 3970 343 4017 as
360 3971 433 4020 rna
448 3971 480 4034 u.
496 3969 520 4019 5.
540 3971 575 4020 cr.
593 3969 752 4017 dilectissimi
770 3969 848 4032 patris
866 3970 928 4018 ran.
941 3969 1008 4031 pass.
1026 3942 1094 4017 rut.
1120 3967 1175 4017 va.

147 4063 167 4111 1.
186 4079 211 4127 p.
230 4062 273 4125 61,
292 4063 333 4113 66.
