2648 4844
650 346 668 404 'l

139 526 313 602 cicerone,
339 523 447 586 rhetor
464 523 616 608 antiquus
632 525 666 586 in
681 525 792 617 primis
806 525 932 605 nobilis,
947 527 1178 593 modotimsem

138 639 268 701 coortis
284 635 527 721 scripsit,quae
537 636 703 700 constabat
713 639 953 703 enumeratione
964 639 1178 706 humanorum

138 751 310 815 malorum.
321 745 346 835 ¹)
371 751 443 813 lluc
462 750 539 812 item
556 749 740 814 referendae
758 762 833 814 sunt
848 752 1177 839 Dionistlbrysostomi

138 865 300 952 orationes
329 862 541 927 sextadecima
562 858 642 947 περὶ
673 862 778 950 λυπῇς
795 876 827 928 et
848 866 1009 930 tricesima
1032 863 1179 953 Χαρίδη-

140 997 203 1060 μος
225 976 400 1061 inscripta,
432 974 472 1039 de
490 997 556 1061 quo
574 975 659 1040 idem
674 979 889 1062 pronunciare
910 979 1006 1058 licet,
1030 978 1117 1065 quod
1138 978 1178 1042 de

143 1089 363 1155 Alcidamante
383 1088 511 1168 cicero,
530 1089 608 1154 huic
630 1091 768 1154 rationes
791 1113 864 1171 eae,
887 1114 970 1177 quae
992 1079 1178 1179 adquisitius

141 1204 380 1290 aphilosophis
406 1203 622 1289 colliguntur,
652 1203 843 1284 defuerunt,
881 1206 1010 1270 ubertas
1029 1207 1179 1270 oratidnis

142 1340 204 1381 non
225 1316 339 1384 deluit.
351 1313 378 1402 ²)

185 1431 272 1512 Quas
290 1442 402 1494 autem
422 1429 464 1494 ad
485 1432 696 1519 moerentium
718 1432 838 1497 animos
857 1432 1024 1519 erigendos
1041 1434 1178 1498 rationes

141 1544 355 1608 adhibuerant
366 1555 491 1628 poetae,
505 1555 662 1631 etmagna
673 1544 801 1609 dicendi
817 1547 847 1608 vi
856 1547 1014 1610 ornabant
1024 1557 1178 1626 oratores,

91 1723 95 1731 ,
140 1657 269 1722 easdem
284 1657 469 1742 philosophi
490 1657 602 1721 sedulo
624 1658 798 1744 colligere,
829 1659 917 1741 justu
939 1658 1051 1723 ordine
1072 1659 1179 1744 dispu-

139 1794 241 1851 srere,
271 1771 365 1835 variis
391 1771 658 1856 disputationibus
675 1772 828 1857 nonisque
846 1773 1043 1858 argumentis
1062 1771 1178 1836 confir-
1196 1845 1198 1849 ἲ

140 1907 229 1949 nare
249 1885 453 1950 studuerunt.
481 1886 697 1951 Conveniebat
714 1887 801 1949 enim
819 1885 882 1950 hoc
900 1885 1086 1950 consolandi
1109 1902 1179 1951 mu·
1268 1931 1280 1948 .

143 2023 200 2064 nus
219 2001 316 2084 plane
328 2021 403 2064 cum
417 1999 529 2062 studiis
547 1998 778 2085 philosophiae.
802 1999 882 2064 Cum
899 2002 984 2064 enim
999 2001 1079 2065 baec
1095 2010 1180 2064 esset

141 2114 365 2200 philosophiae
384 2114 511 2178 moralis
529 2115 659 2199 propria
682 2125 806 2193 natura,
819 2126 856 2178 ut
876 2115 1057 2201 inquireret
1074 2116 1107 2177 in
1130 2136 1179 2179 res
1253 2134 1259 2141 ·

142 2228 308 2307 humanas,
329 2227 530 2314 hominisque
551 2228 703 2307 indolem,
726 2206 917 2313 cupiditates
939 2241 1037 2314 atque
1050 2228 1180 2316 'ingenii

102 2330 108 2342 ⁸
141 2344 306 2427 animique
326 2342 494 2405 facultates
516 2342 682 2426 explorare
701 2341 876 2420 studeret,
900 2363 964 2404 non
989 2343 1095 2426 potuit
1115 2363 1179 2406 non

142 2456 181 2520 de
208 2456 300 2520 luctu
327 2477 459 2542 quoque
495 2476 615 2541 agere,
654 2467 685 2519 et
724 2455 828 2541 qualis
865 2476 940 2518 vera
969 2466 1050 2518 esset
1081 2457 1199 2542 ipsius·

144 2582 280 2648 natura,
303 2569 467 2655 indagare.
492 2569 584 2654 Ipsae
595 2569 687 2648 adeo,
710 2568 873 2654 quibusin
895 2569 1087 2634 consolando
1111 2582 1180 2634 ute-

146 2684 283 2762 bantur,
306 2685 443 2748 rationes
461 2683 636 2769 pleraeque
658 2683 698 2747 ad
710 2681 944 2769 philosophiam
955 2683 1179 2768 pertinebant:

144 2799 189 2862 sio
211 2820 240 2863 v.
265 2819 294 2863 c.
315 2798 407 2861 locus
436 2797 476 2861 de
505 2797 693 2880 animi-post
713 2807 849 2860 mortem
879 2796 1073 2876 conditione,
1094 2795 1182 2882 quod

146 3031 192 3095 15,
211 3031 235 3080 3.
253 3030 340 3080 Alium
353 3032 423 3079 hunc
437 3030 622 3093 Antiphontem
638 3045 692 3077 esse
710 3045 740 3077 ac
755 3027 852 3092 Sophili
865 3027 947 3075 filium
964 3033 1038 3091 putat
1055 3028 1184 3076 Fabricius

146 3127 214 3174 batt.
227 3128 271 3174 Gr.
282 3127 302 3173 l.
313 3142 338 3189 p.
347 3124 408 3187 835,
423 3125 605 3172 Rhamnusium
619 3140 679 3170 uero
692 3123 795 3171 illorum
805 3138 949 3170 sermonum
960 3127 1091 3170 auctorem
1107 3123 1185 3172 hahet

146 3220 207 3268 tud.
220 3219 345 3268 Cresoliua
359 3219 386 3266 in
399 3218 509 3266 Theatra
525 3224 636 3265 vatorum
646 3218 720 3264 ntes.
731 3217 757 3264 in
775 3216 849 3264 Thes.
860 3217 920 3263 Ana
936 3217 979 3263 Gr.
991 3215 1046 3263 Vol.
1061 3217 1091 3264 X.
1106 3233 1130 3280 p.
1141 3216 1183 3268 35.

145 3317 180 3364 Cf.
196 3314 320 3362 lleursius
335 3313 362 3360 in
381 3313 452 3360 niul.
462 3313 516 3360 Ast.
534 3312 560 3359 in
573 3312 647 3359 Thes.
658 3311 718 3357 Ant.
733 3313 775 3358 Gr.
793 3311 843 3356 vol.
857 3310 887 3357 X.
908 3327 931 3373 p.
945 3304 1021 3357 1422.
1041 3308 1130 3357 Mirum
1145 3319 1185 3360 est

150 3407 331 3456 llhunkenium
347 3408 373 3454 in
388 3409 463 3470 Disp.
480 3406 511 3453 da
520 3406 674 3469 Antsplsoote
688 3404 785 3452 nullam
800 3403 956 3450 mentionem
977 3402 1008 3450 de
1023 3404 1079 3451 eius
1092 3388 1185 3480 τέχνῃ

145 3486 269 3565 α’λυπῖας
286 3502 383 3549 secisse.
409 3504 558 3563 Fragmenta
575 3481 670 3561 autem,
691 3515 756 3561 quae
769 3496 935 3561 Antiphontis
952 3497 1185 3545 nomineStobueus

147 3596 210 3644 l’lor.
230 3597 270 3644 tit.
289 3594 315 3657 6,
331 3591 357 3657 7,
375 3597 414 3644 tit.
431 3594 474 3657 98,
484 3592 518 3642 56
528 3599 554 3642 et
564 3591 597 3641 63
620 3593 663 3640 Ed.
681 3592 756 3640 Gaias.
777 3571 860 3655 afferl,
883 3607 912 3638 ex
926 3591 980 3638 eius
998 3591 1064 3639 libro
1082 3590 1185 3639 laudato

145 3690 261 3738 desumto
279 3690 407 3738 videntur.

180 3782 206 3847 1)
243 3784 294 3832 cio.
313 3785 388 3845 Tuae.
407 3770 441 3841 ρκ’
454 3784 473 3832 1.
485 3780 528 3846 48,
546 3798 611 3845 quae
624 3787 710 3829 autem
728 3781 764 3828 ibi
784 3783 941 3841 sequuntur,
960 3792 989 3822 ex
1006 3775 1187 3825 hlcidasnantis

149 3879 214 3927 libro
233 3879 349 3926 desumto
367 3894 421 3925 esse
447 3883 541 3941 putant
564 3877 675 3938 interpp.
695 3875 726 3922 ad
748 3874 773 3920 h.
793 3872 810 3918 1.
840 3870 874 3918 De
890 3869 1065 3918 Alcidanmute
1086 3873 1186 3935 scripsit

145 3973 256 4037 Spengel
275 3974 301 4021 in
328 3973 383 4020 eiua
409 3954 566 4046 συναγῶγῃ
592 3952 714 4037 eligutur.
750 3965 924 4028 ssutg.1828.

183 4063 211 4127 8)
246 4067 296 4115 Cic.
318 4067 392 4114 Tuae.
414 4064 501 4124 Q.l.l.
