2648 4844
696 336 739 397 98

198 542 294 605 quam
307 519 441 580 maxime
452 528 549 602 atque
561 515 770 599 expetendam
783 515 942 598 proponit.
967 513 1147 598 Singularis
1164 535 1238 577 vero

198 655 236 696 ac
254 633 416 695 Platonica
430 632 523 714 plane
539 631 619 692 ratio
631 640 697 706 est,
724 650 788 713 qua
810 627 863 690 hie
885 628 981 695 verba
999 629 1120 692 faciens
1140 627 1238 691 indu-

199 749 300 823 citur;
320 746 375 807 ubi
391 745 477 805 enim
494 742 648 827 loquendi
668 743 794 804 initium
812 742 911 818 lacit,
935 763 1096 804 sermones
1119 764 1153 804 se
1175 763 1238 809 nott

197 881 286 936 suos,
311 858 365 920 sed
388 858 428 919 ab
449 857 589 940 antiquis
608 855 803 938 sapientibus
823 855 1018 938 propositos,
1043 855 1075 916 in
1095 845 1236 917 medium

199 973 417 1056 prolaturum,
442 969 580 1032 modeste
602 970 738 1032 latetur:
772 967 888 1030 deinde
917 979 1042 1045 autem,
1068 967 1109 1030 de
1131 969 1236 1031 animo

197 1086 337 1148 humano
348 1084 513 1160 dicturus,
534 1105 595 1145 non
612 1104 685 1159 sua,
706 1081 760 1144 sed
779 1082 959 1166 philosophi
977 1081 1146 1145 cuiusdam
1168 1101 1237 1145 rer-

198 1200 256 1277 ba,
288 1220 371 1283 quae
395 1199 462 1280 ipse
492 1197 658 1273 audierat,
691 1196 807 1273 refert,
838 1207 874 1258 ut
905 1196 999 1281 plane
1026 1178 1068 1258 ad
1097 1195 1236 1259 Socratis

196 1312 282 1396 apud
302 1312 465 1375 Platonem
483 1331 648 1393 personam
670 1333 687 1372 a
711 1310 866 1392 scriptore
885 1308 979 1373 fictus
998 1308 1156 1373 videatur.
1191 1312 1236 1373 hc

196 1428 221 1488 si
240 1437 403 1509 praeterea
424 1424 572 1486 orationis
592 1424 783 1507 elegantiam
797 1471 806 1501 ,
820 1425 1101 1507 perspicuitatem,
1116 1425 1237 1508 simpli·

197 1539 343 1615 citatem,
358 1537 607 1620 comparationes
620 1558 657 1599 ex
669 1537 732 1600 vita
745 1537 882 1600 humana
895 1536 1066 1614 deductas,
1080 1538 1236 1624 frequen-

198 1663 261 1713 tem
289 1652 384 1714 etiam
401 1651 535 1713 heroum
555 1651 799 1714 Homericorum
822 1651 1016 1713 mentionem
1040 1655 1233 1737 respexeris,

196 1777 293 1849 atque
309 1765 341 1826 in
356 1766 480 1848 primis,
499 1767 524 1827 si
536 1786 642 1827 sanam
662 1763 906 1847 philosophandi
919 1765 1074 1828 rationem
1087 1765 1234 1829 attende-

199 1881 256 1956 ris,
270 1900 353 1963 quae
367 1880 459 1961 plane
471 1878 636 1940 Platonica
648 1888 711 1954 est,
732 1899 795 1939 non
812 1877 987 1941 absurdum
1005 1879 1066 1942 erit
1078 1891 1232 1958 statuere,

195 1991 315 2075 dialogi
331 1991 426 2053 huius
443 2003 608 2054 auctorem
620 1990 774 2067 Platonis,
795 1992 820 2052 si
837 2013 899 2059 noir
916 1991 1127 2076 discipulum,
1150 2005 1234 2058 certe

195 2104 459 2167 studiosissimum
477 2115 508 2166 et
522 2105 688 2188 egregium
708 2106 899 2189 estantiquis
917 2107 1107 2190 scriptorem
1126 2109 1233 2173 luisse.

197 2219 282 2284 Haec
303 2217 343 2279 de
362 2228 493 2279 auctore
512 2216 688 2295 sufficiant,
709 2217 814 2300 ipsum
830 2212 981 2282 adeamus
1004 2219 1182 2305 dialogum.

244 2332 282 2395 llt
303 2330 395 2393 modo
413 2331 480 2411 jam
498 2330 580 2408 alisi,
611 2333 643 2392 in
665 2330 793 2416 dialogo
815 2332 981 2395 inducitur
1011 2334 1147 2418 aliquis,
1179 2336 1234 2420 qul

198 2447 379 2529 vituperans
399 2456 614 2523 senectutem,
644 2445 731 2530 quod
747 2446 908 2509 hominem
930 2448 1150 2535 voluptatibus
1167 2450 1234 2532 pri·
1271 2473 1272 2476 ¹

197 2572 266 2634 ret,
287 2570 318 2621 et
335 2571 473 2622 extrema
486 2560 525 2621 sit
542 2556 623 2621 ritae
640 2560 798 2622 humanae
809 2573 911 2638 aetas,
934 2561 1080 2646 adeoque
1092 2565 1233 2646 proxima

199 2674 309 2747 morti,
322 2673 423 2735 inulta
435 2671 550 2734 deiude
562 2673 623 2734 alia
634 2685 801 2736 enumerat
814 2674 913 2753 mala,
927 2675 1044 2759 quihus
1058 2676 1154 2761 vulgo
1175 2678 1234 2741 ob·
1287 2662 1291 2667 ⁵

200 2785 283 2846 noxii
295 2795 368 2847 sunt
379 2806 485 2862 senes,
508 2787 652 2864 morbos,
677 2789 819 2870 corporis
839 2788 1073 2867 infirmitatem,
1097 2813 1136 2854 ac
1158 2793 1233 2876 pul-

199 2896 407 2976 chritudiuis,
420 2899 536 2961 virium
549 2949 557 2977 ,
571 2900 738 2963 hilaritatis
759 2902 963 2986 aliorumque
982 2903 1195 2970 amissionem.
1207 2902 1231 2990 ¹)

198 3011 323 3090 Quibus
342 3013 383 3074 ab
403 3013 461 3074 illo
482 3013 515 3073 iu
535 3012 676 3074 medium
700 3015 848 3096 prolatis,
882 3015 963 3077 alius
983 3019 1156 3080 senectutis
1178 3040 1233 3103 pa-

197 3125 369 3186 trocinium
396 3125 589 3206 suscipiens,
621 3128 662 3187 ita
692 3126 759 3188 fere
788 3127 943 3211 loquitur.
975 3130 1151 3215 -hntiquus
1179 3152 1233 3196 nos

197 3257 300 3296 sermo
312 3234 416 3314 docet,
430 3257 478 3298 res
492 3236 644 3300 humanas
657 3239 783 3301 nullum
796 3251 919 3302 certum
932 3241 1050 3304 habere
1063 3242 1171 3324 finem,
1185 3248 1233 3308 rel
1310 3292 1311 3295 ,

197 3346 236 3409 ad
260 3348 397 3427 bonum,
417 3351 467 3412 vel
489 3349 528 3411 ad
552 3351 688 3428 malum,
712 3373 812 3436 quum
832 3374 940 3414 omnes
963 3355 1056 3417 modo
1079 3359 1233 3440 pulchrae

196 3462 257 3522 siut
273 3472 304 3523 et
319 3461 436 3539 bonae,
460 3463 484 3523 si
502 3464 620 3525 bonum
641 3463 805 3526 dominum
819 3476 930 3528 nactae
945 3479 1040 3546 sunt,
1058 3470 1153 3533 modo
1165 3483 1232 3535 tur·

199 3595 252 3656 pes
275 3585 306 3634 et
329 3574 450 3650 malae,
474 3599 491 3636 a
516 3577 581 3637 viro
599 3576 681 3638 malo
696 3599 864 3659 possessae.
900 3580 947 3641 lta
967 3602 1099 3666 quoque
1124 3583 1164 3647 de
1181 3607 1232 3647 se-

198 3696 325 3749 nectute
345 3687 562 3765 etjuventute
585 3701 630 3750 est
658 3690 920 3769 (existimandum,
952 3716 1035 3779 quae
1066 3697 1116 3758 vel
1151 3699 1231 3762 bona

199 3799 244 3858 tel
268 3799 349 3859 mala
368 3819 434 3859 esse
456 3800 597 3879 videtur,
620 3802 740 3863 ratione
763 3804 860 3886 ipsius
881 3805 1033 3886 horninis,
1058 3811 1113 3894 qui
1134 3812 1231 3874 iis'vel
1299 3884 1300 3890 ἵ

197 3957 314 3966 ,ιο-...-
333 3959 403 3967 ...-

232 4045 256 4105 l)
292 4046 358 4094 Stob.
381 4049 447 4096 Flos.
468 4051 506 4099 tit.
527 4049 585 4111 116,
604 4047 645 4098 49.
