2648 4844
641 292 682 350 75

139 482 228 534 recte
257 471 328 554 quis
358 468 511 546 affirmet,
544 469 745 532 Posidonium
769 472 818 532 vel
845 472 1008 554 peculiare
1030 474 1178 549 volumen
1204 503 1207 507 ·

139 583 354 666 composuisse
386 583 426 645 de
458 583 597 647 sedando
630 586 743 661 luctu,
779 585 829 646 vel
858 586 1107 650 consolationem
1138 589 1179 652 ad

137 698 282 781 aliquem
301 698 472 779 scripsisse.
489 693 513 781 ¹)
545 698 638 761 Liber
657 709 764 761 autem
783 699 850 760 eius
873 698 950 783 napi
967 699 1101 778 modain,
1126 723 1178 764 ex-

138 811 241 894 ceptis
271 809 463 894 quibusdam
496 812 703 895 fragmentiS,
738 833 821 895 quae
852 813 993 875 Galenus
1025 815 1177 891 servavit,

139 924 261 986 interiit
287 934 382 986 totus.
427 924 590 986 Relutavit
611 936 719 987 autem
737 925 770 986 in
797 947 834 988 eo
858 925 1027 1010 Chrysippi
1052 937 1178 1006 senten-

139 1038 238 1123 tiam,
264 1058 327 1121 qua
356 1037 592 1120 aegritudinem
615 1038 822 1120 exopinione
845 1039 894 1100 vel
917 1060 955 1101 ex
976 1038 1178 1102 animiinlir·

139 1151 250 1213 mitate
279 1150 354 1212 oriri
387 1149 530 1227 dixerat,
556 1151 734 1234 meliusque
761 1150 817 1213 illo
839 1152 1057 1235 quaestionem
1079 1152 1179 1234 expli-

140 1264 226 1341 cuit,
257 1284 356 1348 quare
386 1275 529 1346 tempore
561 1264 665 1326 sedari
694 1266 815 1327 soleant
841 1263 978 1328 dolores.
1022 1266 1179 1328 Reversus

139 1377 226 1440 enim
244 1376 284 1440 ad
297 1377 505 1461 antiquorum
521 1375 785 1461 philosophorum
802 1377 841 1440 de
860 1378 964 1442 animo
983 1377 1179 1457 doctrinam,

139 1491 281 1554 Platonis
313 1490 448 1551 maxime
478 1501 508 1552 et
539 1490 734 1568 Aristotelis,
769 1502 832 1553 tres
865 1492 988 1554 ammae
1021 1491 1180 1564 statuebat

140 1625 207 1666 esse
231 1613 358 1688 partes,
386 1593 424 1664 sd
449 1593 696 1687 ἐπιθυμητικὸν,
722 1592 760 1664 ιο
781 1600 958 1683 θυμοειδὲς
984 1601 1039 1665 καὶ
1063 1595 1102 1667 τό
1128 1602 1181 1666 λο-

138 1710 291 1798 γιστικὸν,
326 1738 362 1778 ex
395 1715 511 1800 quibus
547 1725 580 1777 et
600 1713 879 1797 perturbationum
908 1715 1065 1799 originem
1087 1736 1179 1798 repe-

140 1827 269 1892 tendam
299 1839 330 1892 et
359 1827 578 1912 explicandam
608 1827 697 1890 illam
722 1827 939 1912 quaestionem
962 1827 1118 1891 ducebat:
1142 1819 1180 1892 sd

138 1938 246 2004 τοίνυν
266 1931 450 2026 mutinensis
469 1939 527 2024 τῆς
541 1939 666 2026 ψυχῆς,
689 1941 751 2017 ait,
776 1937 807 2002 ἐν
822 1938 870 2032 τῷ
886 1928 991 2024 χρόνῳ
1008 1938 1106 2002 τοῦτο
1123 1935 1182 2020 μὲν

140 2047 342 2132 ἐμπίπλαται
361 2050 425 2112 τῶν
447 2047 571 2113 οἰκειῶν
586 2047 784 2131 ἐπιθυμέων,
800 2049 897 2114 τοῦτο
915 2045 952 2112 δὲ
976 2037 1088 2128 κάμνει
1111 2050 1183 2121 ταῖς

140 2158 372 2246 πολυχρονίαις
392 2150 563 2247 κινήσεσιν,
582 2153 666 2224 ὥστε
687 2153 742 2225 ded
764 2151 865 2246 ἄμφω
894 2149 1183 2246 καθησυχάοανιος
1241 2239 1243 2245 Α

142 2261 257 2349 αὑτοῦ,
279 2268 333 2333 καὶ
352 2268 469 2357 μέτριοι
483 2268 683 2354 κινουμένου,
705 2275 832 2358 κρατεῖν
848 2261 866 2335 ὁ
882 2261 1036 2355 λογισμὸς
1051 2260 1112 2357 ἤδη
1129 2266 1184 2333 δύ·

141 2401 248 2445 ναται·
279 2373 392 2468 ὥσπερ
423 2379 478 2445 καὶ
508 2378 615 2458 ἵππου
647 2373 733 2468 τινος
763 2372 907 2469 &nordgoe
938 2372 994 2445 τὸν
1028 2369 1183 2468 ἐπιβάτην

142 2485 356 2574 ἒξενέγκοπος
376 2487 508 2570 βιαίως,
525 2480 594 2554 εἶτα
608 2480 780 2571 κάμνοντάς
793 2513 829 2554 τε
846 2483 914 2573 ἅμα
928 2491 977 2585 τῷ
993 2479 1105 2576 δρόμῳ
1127 2489 1182 2557 καὶ

142 2590 281 2687 πρόοειι
295 2599 350 2664 καὶ
364 2597 617 2683 ἕμπλησθένιος,
633 2591 677 2663 ὦν
692 2591 912 2689 ἐπεθύμησεν,
929 2591 1011 2667 αὖθι
1026 2594 1183 2690 ὁῆνίοχος

142 2701 294 2798 ἐγκρατής
320 2709 543 2798 καταοιαίη.2)
589 2695 712 2778 Mitiora
738 2725 845 2777 autem
875 2715 1053 2801 quaedam,
1083 2737 1181 2801 quam

144 2823 261 2886 caeteri
280 2823 399 2901 Stoici,
424 2823 578 2905 docebat,
602 2848 708 2911 neque
729 2828 878 2890 virtutem
895 2829 957 2891 sibi
975 2831 1075 2914 ipsam
1094 2829 1181 2895 suffi-

144 2957 234 3029 cere,
259 2934 313 3001 sed
335 2959 428 3000 usum
449 2959 580 3023 quoque
602 2961 668 3002 esse
688 2941 829 3024 corporis
847 2941 1005 3004 bonorum
1025 2952 1055 3003 et
1077 2953 1181 3005 exter-

95 3044 97 3047 *
144 3071 260 3113 norum
290 3051 464 3115 contendit.
479 3048 503 3137 ³)
540 3054 626 3134 Quas
648 3075 722 3123 aero
742 3053 782 3116 ad
810 3053 963 3117 sedandos
982 3055 1107 3118 dolores
1125 3054 1181 3118 ad·
1252 3051 1256 3055 ’

112 3145 119 3159 „
144 3161 285 3229 hibuerit
315 3164 473 3242 rationeS‚
498 3165 680 3250 ignoramus
703 3166 818 3249 plano,
844 3167 897 3229 sed
924 3170 957 3229 in
979 3168 1028 3230 his
1050 3188 1181 3252 quoque

145 3275 316 3359 praecipue
328 3278 492 3340 Platonem
511 3290 638 3341 secutus
658 3279 800 3356 videtur,
819 3282 909 3342 ouius
924 3279 1105 3365 θεραπείας
1119 3279 1183 3342 τῶν

145 3387 264 3451 παθῶν
282 3411 356 3451 eum
382 3391 553 3454 admodum
577 3393 797 3474 comprobasse
814 3386 964 3456 aGalouo
978 3391 1142 3456 docemur.
1153 3386 1179 3473 ⁴)

179 3632 204 3698 1)
242 3635 280 3687 Cl.
301 3639 392 3685 Balxius
408 3639 425 3688 l.
443 3639 460 3686 l.
477 3657 502 3706 p.
520 3638 577 3700 247.

179 3726 205 3792 2)
240 3729 351 3778 Galenus
370 3730 421 3778 l.l.
439 3749 463 3797 p.
481 3731 531 3780 292
550 3733 622 3781 Basil.
644 3735 679 3800 (p.
697 3732 747 3782 475
768 3736 811 3783 Ed.
830 3731 916 3797 lluhn)
945 3733 983 3785 Cf.
1003 3734 1035 3783 de
1054 3735 1103 3782 hoc
1126 3733 1182 3781 loco

147 3819 186 3874 cr.
203 3823 295 3871 satius
313 3824 330 3872 r.
348 3824 365 3872 1.
383 3843 408 3892 p.
425 3825 484 3873 aas.
755 3838 758 3840 ’
994 3850 995 3855 =

179 3913 206 3978 3)
241 3918 554 3996 Diogw.Las“ert.Vll.128.

179 4007 205 4073 4)
242 4012 352 4059 Galenus
367 4013 383 4060 l.
396 4015 412 4060 l.
430 4031 453 4076 p.
472 4013 523 4061 289
538 4015 611 4062 Basil.
627 4016 660 4078 lp.
680 4013 729 4063 458
745 4017 789 4063 Ed.
804 4015 898 4079 llubnl¹
