2648 4844
695 321 759 382 itt

208 498 337 585 thagine
358 511 465 562 autem
487 520 611 575 eversa,
635 500 754 562 librum
776 499 861 566 misit
888 495 929 560 ad
951 498 1034 559 eires
1056 519 1147 576 suos,
1182 520 1245 584 quo

204 615 288 698 ipsos
307 613 347 676 de
365 614 487 697 patriae
503 612 637 674 interitu
655 612 893 688 consolaretur,
913 611 945 672 in
961 632 1027 695 quo
1046 613 1165 696 scripta
1186 613 1245 676 fnit

205 727 374 810 disputatio
404 724 591 801 Carneadis,
625 745 722 809 quam
753 725 786 786 in
822 724 1087 787 commentarium
1121 726 1242 791 retulit.

206 841 300 902 lnitio
318 851 424 902 autem
445 838 518 901 libri
539 839 581 900 ita
604 839 852 921 positum'erat,
870 836 971 899 rideri
993 838 1061 900 fore
1083 839 1116 900 irr
1139 841 1243 924 aegri·

204 952 317 1016 tudine
338 953 531 1036 sapientem,
553 951 655 1034 patria
675 960 787 1035 capta3
812 971 908 1034 quam
928 960 1035 1012 tamen
1056 953 1244 1016 sententiam

205 1066 317 1129 falsam
339 1086 425 1142 osse,
448 1062 619 1148 disputatio
636 1061 752 1126 deinde
770 1061 938 1129 Carneadis
957 1061 1207 1131 demonstrabat.
1218 1063 1242 1152 ¹)

205 1178 299 1241 Liber
318 1189 425 1241 autem
447 1177 500 1240 hic
522 1197 585 1239 non
607 1176 792 1254 meliorem,
816 1197 914 1260 quarn
937 1187 1063 1240 caetera
1082 1177 1151 1240 eius
1168 1179 1245 1242 sori·

204 1303 277 1377 pta,
308 1292 469 1354 fortunam
488 1299 658 1372 expertus,
691 1289 813 1351 interiit
835 1298 947 1353 totus..
974 1286 1119 1352 Servarit
1139 1301 1244 1354 tamen

205 1404 360 1467 St'ohaeus
382 1400 446 1465 duo
467 1400 658 1474 Clitomachi
685 1402 884 1486 fragmenta,
919 1423 1002 1487 quae
1028 1401 1068 1467 ed
1088 1402 1174 1482 hoe,
1206 1405 1244 1469 do

205 1539 271 1602 quo
300 1517 440 1601 agimus,
474 1536 553 1598 opus
581 1514 742 1598 pertinere
764 1512 931 1593 ridentur,
963 1515 1122 1579 alterum:
1154 1507 1245 1580 οὐδὲν

203 1614 266 1690 τῶν
286 1620 496 1713 α’νθριοπίνονι
521 1616 655 1706 βέβαιόν
669 1623 762 1704 ἐστιν,
782 1617 862 1697 ἀλλὰ
876 1616 982 1690 πάντα
999 1623 1138 1713 φέρεται
1155 1626 1246 1713 φορᾷ

203 1762 263 1803 τινι
285 1728 514 1824 παραλόγῳβ)
539 1738 675 1800 alterum
694 1758 769 1800 vero
791 1735 873 1801 hoc:

362 1911 438 1981 Τοῖς
460 1895 497 1972 εὖ
518 1907 686 1973 παθοῦσιν
708 1897 930 1974 ιῖνιιπνεῦσασ
954 1904 973 1996 ἡ
995 1899 1076 1996 τύχη

276 2074 278 2077 -
362 2042 388 2098 Τ
388 2018 422 2097 α’
431 2024 537 2098 πάνια
559 2036 682 2118 συγχεῖ,
705 2023 811 2098 πάνια
832 2038 979 2119 ναυαγεῖν
1000 2039 1105 2115 ποιεῖ,

201 2199 242 2268 rol
263 2204 304 2290 τῇ
326 2193 485 2292 φρονήσει
506 2201 650 2276 καὶτοῖς
672 2202 838 2287 λογισμοῖς
865 2195 980 2290 ὀρθῶς
1000 2203 1246 2294 ἐκπεπονῆσθαι

203 2314 358 2378 δοκοῦντα
380 2304 466 2399 πρὸς
487 2304 525 2377 τὸ
546 2311 652 2386 καλῶς
674 2311 777 2401 crint)
814 2315 904 2396 Quae
926 2317 951 2378 si
978 2338 1087 2381 revera
1105 2319 1139 2382 in
1162 2319 1244 2383 libro

202 2422 270 2488 eius
299 2425 339 2488 de
370 2425 502 2487 interitu
526 2426 648 2508 patriae
673 2426 814 2505 suerint,
846 2428 892 2490 sie
914 2430 1097 2493 consolatus
1120 2431 1243 2496 ridetur

205 2539 287 2601 cives
299 2559 387 2616 suos,
408 2548 444 2601 ut
461 2535 542 2603 nihil
559 2537 635 2621 ipsis
654 2539 727 2602 novi
738 2537 893 2604 accidisse
904 2538 1043 2620 diceret,
1061 2563 1165 2628 quum
1180 2546 1245 2609 forss

204 2661 281 2713 tuna
301 2652 344 2712 ita
363 2651 469 2712 omnia
488 2649 679 2733 perturbare
695 2652 812 2731 soleat,
836 2663 872 2715 ut
890 2652 1064 2736 prudentes
1085 2655 1167 2721 adeo
1185 2659 1242 2722 riri

205 2764 350 2824 resistere
370 2763 430 2845 ipsi
453 2761 583 2823 minime
604 2763 736 2845 possint.
781 2763 867 2827 Nihil
886 2788 982 2850 porro
1004 2767 1045 2830 de
1066 2789 1165 2853 opere
1187 2771 1242 2834 illo

203 2874 364 2980 conjicere
375 2873 470 2951 lieet,
491 2883 527 2936 ut
538 2873 578 2936 de
593 2895 627 2936 re
643 2875 738 2958 plane
748 2877 887 2955 incerta3
909 2900 1056 2964 magnam
1068 2892 1176 2946 tamen
1188 2905 1242 2947 nos

204 3069 410 3079 m

202 3174 267 3233 phil.
284 3171 442 3234 Clitmraquo
455 3173 482 3219 iu
498 3173 575 3220 Mem,
592 3172 624 3220 do
637 3173 737 3223 l’Aood.
751 3174 783 3223 do
799 3176 907 3238 Berlin,
925 3192 948 3225 a.
962 3173 1045 3238 1⁷48,
1063 3193 1088 3242 p.
1104 3178 1157 3229 295
1176 3194 1242 3243 sqq„

204 3267 281 3328 (quae
300 3264 395 3325 legitur
410 3265 486 3311 etiam
510 3265 537 3311 in
560 3265 718 3314 Windhemii
736 3267 806 3316 utet.
825 3269 896 3317 Phil.
915 3268 1042 3334 v01.tv.)
1066 3277 1094 3320 et
1112 3288 1179 3336 quae
1197 3288 1243 3321 nu·

206 3358 314 3420 perrime
332 3357 364 3404 de
383 3357 431 3404 hoc
452 3357 620 3421 philosopho,
639 3359 832 3408 dialecticorum
851 3366 935 3409 aeetae
954 3367 1077 3425 auctore,
1096 3363 1243 3414 dictasunt

204 3466 217 3497 a
237 3452 310 3499 Doet.
330 3450 463 3498 lerach'in
479 3451 670 3511 Zeitschr.frtr
684 3452 728 3500 dio
742 3452 983 3525 Alterthumowiss.,
1001 3454 1077 3506 1839.
1095 3459 1139 3508 tto.
1156 3457 1199 3508 21.

240 3542 266 3605 1)
301 3543 352 3590 Cic.
371 3544 446 3592 Taso.
465 3543 495 3599 Q.
514 3543 559 3591 111.
577 3542 618 3609 22,
631 3575 662 3584 -
680 3545 751 3605 Diog.
771 3546 851 3592 Laert.
868 3553 952 3596 tamen
968 3550 1011 3597 tv.
1029 3548 1073 3612 65,
1089 3551 1242 3600 Carneadem

205 3635 270 3683 nihil
287 3635 381 3698 scripto
396 3635 525 3682 mandasse
543 3636 627 3684 docet.

242 3726 267 3790 2)
304 3727 372 3775 Stob.
390 3728 458 3774 Flor.
473 3729 512 3775 tit.
526 3725 569 3790 98,
584 3727 627 3776 67.

242 3820 268 3882 3)
304 3820 372 3867 Stoh.
393 3820 457 3868 [hid.
477 3821 516 3867 tit.
531 3819 597 3883 105,
613 3819 654 3869 29.
684 3822 785 3868 Grotius
809 3822 898 3871 ultima
917 3825 979 3872 haec
1002 3827 1078 3874 verba
1100 3834 1184 3877 metro
1201 3830 1244 3877 ad·

206 3913 321 3973 strinxit,
341 3913 383 3959 cui
393 3919 476 3960 tamen
487 3929 538 3960 non
554 3915 691 3961 assentitur
704 3915 831 3975 Gulosum,
848 3917 892 3976 qui
908 3918 972 3965 duos
990 3921 1174 3981 praecedentes
1189 3939 1243 3971 ver·

205 4020 263 4066 aua,
280 4006 420 4052 ornamenti
436 4006 531 4068 gratia,
548 4023 562 4053 a
576 4007 732 4055 Clitomacho
747 4006 860 4055 laudatos
875 4008 1008 4060 existimat.
