2648 4844
574 1317 848 1450 (tapntll.

240 1631 276 1666 DE
299 1628 471 1666 1¹u1L0801¹uls
491 1629 610 1667 Gnaurlts
621 1655 628 1681 7
651 1631 702 1678 QUI
723 1631 948 1670 consoLATlottus
969 1634 1004 1669 DE
1026 1634 1188 1670 senectute

617 1772 814 1810 SCRIPSERUNT.

698 2022 705 2042 t
752 2029 766 2042 u
872 2025 879 2044 )
916 2023 1023 2067 1153!
1127 2031 1141 2044 u
1183 2027 1190 2050 Ι

659 2028 703 2088 Tu
727 2050 821 2111 γηρας
843 2052 894 2089 ουκ
911 2052 947 2088 (π
971 2030 1235 2113 ε,οι1ῳτουβιου,

700 2136 760 2206 ἀλλ’
786 2141 830 2207 ἐπ’
845 2143 932 2233 ἀρχῇ
952 2146 1101 2229 μακαρίας
1123 2148 1214 2231 ζωῆς.

977 2266 1116 2302 rarorum.

237 2601 366 2677 Cicero,
400 2599 456 2661 uhi
489 2599 528 2661 de
562 2588 777 2663 dorrsolatinne
807 2600 894 2684 agit,
930 2601 1100 2683 separatim
1135 2612 1236 2664 certas

188 2715 237 2778 ait
258 2713 381 2777 scholas
404 2734 470 2774 esse
490 2711 530 2773 de
549 2713 675 2790 exsilio,
701 2712 741 2776 de
753 2714 886 2777 interitu
909 2715 1051 2798 patriae,
1077 2715 1117 2777 de
1135 2716 1236 2778 servi-

193 2840 279 2906 tute,
306 2827 345 2890 de
364 2826 548 2906 debilitate,
572 2827 611 2891 de
629 2829 803 2906 caecitate,
828 2828 867 2891 de
891 2830 1091 2906 amnicum,
1116 2831 1149 2892 in
1173 2852 1236 2915 quo

193 2965 310 3005 numen
341 2943 416 3026 poni
444 2943 543 3005 soleat
571 2943 780 3020 calamitatis,
815 2964 918 3027 eaque
942 2943 1082 3007 Graecos
1114 2945 1148 3006 iu
1170 2945 1238 3007 sin-

193 3057 286 3142 gulas
306 3055 433 3140 ‘scholas
464 3066 495 3117 et
526 3056 669 3140 singulos
700 3055 797 3118 libros
827 3056 997 3140 dispertiri.
1014 3053 1038 3142 ¹)
1074 3058 1137 3119 Nos
1163 3079 1238 3120 vem

190 3170 364 3254 ¹separatim
382 3170 422 3232 de
440 3169 587 3231 omnibus
607 3191 703 3254 agere
723 3193 785 3232 non
798 3193 983 3254 possumus,
1010 3193 1111 3255 quum
1134 3174 1239 3255 plera-

193 3306 259 3369 que
277 3283 414 3366 scripta,
436 3305 472 3344 eo
496 3285 710 3367 pertinentia,
732 3286 771 3348 ad
792 3298 930 3348 nostram
954 3308 1017 3348 non
1035 3287 1240 3369 pervenerint

194 3399 392 3462 memoriam.
426 3398 513 3461 Nihil
534 3399 619 3460 enim
636 3400 726 3463 nobis
750 3400 899 3463 relictum
922 3412 986 3478 est,
1011 3422 1048 3463 ex
1071 3422 1136 3485 quo
1157 3401 1240 3463 effici

193 3515 311 3598 piissit,
338 3512 416 3597 quid
434 3534 462 3577 e.
485 3535 515 3596 g.
537 3512 578 3574 de
595 3515 769 3592 servitute,
794 3513 834 3576 de
854 3513 1018 3577 debilitate
1040 3513 1146 3598 deque
1166 3536 1239 3578 cae-

193 3629 291 3691 citate
320 3627 522 3704 monuerint,
548 3626 663 3689 adsunt
693 3638 815 3690 tantum
840 3630 958 3712 scripta
985 3628 1034 3691 vel
1062 3629 1240 3713 fragmenta

194 3740 353 3826 quaedam
377 3740 418 3802 de
437 3751 618 3816 senectute,
643 3739 683 3801 de
704 3741 812 3804 exsilio
831 3740 937 3828 deque
954 3743 1086 3804 interitu
1107 3749 1239 3826 patriae.
1313 3770 1315 3774 ⁴

193 3938 401 3946 --———-—

235 4056 258 4117 1)
297 4057 350 4107 sic.
373 4060 448 4107 Tuae.
470 4059 498 4116 Q.
518 4059 562 4109 111,
580 4057 620 4105 34,
