2648 4844
633 329 676 389 60

184 509 222 571 In
243 507 423 593 Cyrenaicis
446 507 634 591 primarium
656 506 816 594 quendam
837 509 946 571 locum
965 518 1054 572 tenet
1074 508 1183 597 Hege-

140 625 233 699 sias,
265 643 462 706 quamquam
483 621 539 684 ille
564 621 597 683 iu
622 621 783 684 nonnullis
803 621 929 705 placitis
951 623 1125 706 paululum
1143 625 1182 688 ab

139 736 177 798 iis
207 735 388 798 recedebat.
434 735 543 815 Quum
571 735 657 797 enim
686 735 868 819 Aristippus
890 737 1059 821 ceterique
1086 739 1181 822 Cyre-

140 851 222 913 naici
245 850 345 935 magis
364 848 404 912 de
429 847 645 933 voluptatibus
668 848 828 934 quamde
850 849 1015 912 doloribus
1034 860 1180 937 agerent,

73 988 81 997 ·
140 964 260 1048 quippe
288 961 491 1048 quaesitam
516 961 992 1041 beatamsolaecoutiuerent3
1027 965 1182 1049 Hegesias

139 1077 241 1161 magis
262 1076 406 1140 dolorem
427 1076 676 1155 removendum,
704 1097 802 1160 quam
831 1077 1062 1161 assequendam
1090 1080 1182 1143 volu-

138 1202 260 1276 ptatem
278 1190 424 1255 docebat.
440 1189 464 1276 1)
502 1191 592 1271 Quae
604 1211 705 1274 quum
717 1201 798 1252 esset
817 1190 876 1253 viri
895 1193 1074 1270 sententia,
1097 1215 1183 1256 mor·

139 1316 204 1368 tem
232 1305 380 1368 laudibus
410 1305 524 1367 efferre
554 1304 715 1387 longeque
737 1303 979 1386 praeferendam
1002 1306 1085 1369 vitae
1108 1330 1183 1391 pro-

139 1439 258 1502 ponere
275 1418 413 1496 solebat,
433 1417 555 1502 quippe
572 1438 654 1501 quae
672 1417 891 1480 efficacissime
909 1440 1036 1481 omnem
1052 1421 1182 1484 tolleret

139 1529 293 1596 dolorem.
339 1531 494 1616 Idemque
522 1542 586 1593 tam
609 1531 736 1614 copiose
759 1541 912 1614 tantaque
935 1533 1120 1617 eloquentia
1143 1535 1182 1598 de

138 1645 221 1707 ritae
243 1647 335 1709 malis
357 1645 533 1730 disputasse
556 1644 686 1723 dicitur,
709 1656 745 1707 ut
768 1644 946 1708 miseranda
969 1667 1081 1709 eorum
1104 1649 1182 1711 ima-

140 1759 213 1844 gine
234 1759 433 1824 audientium
465 1758 649 1842 pectoribus
671 1759 809 1834 inserta,
844 1759 954 1820 multis
983 1761 1183 1825 voluntariae

139 1873 249 1934 mortis
267 1873 465 1958 oppetendae
478 1871 685 1956 cupiditatem
699 1869 948 1957 ingeneraret.²)
974 1873 1057 1935 Hinc
1074 1886 1183 1962 autem

140 2007 257 2050 nomen
278 1975 515 2051 πεισιθανάτου
538 1997 671 2061 nactus,
703 1984 756 2046 sed
785 1985 826 2047 ob
855 1985 987 2048 eandem
1015 1998 1181 2065 caussam,

140 2100 312 2184 quominus
337 2099 428 2161 eain
454 2098 570 2162 scholis
600 2099 748 2191 doceret,
772 2121 789 2161 a
812 2121 888 2183 rege
900 2100 1084 2163 Ptolemaeo
1105 2123 1182 2186 pro-

139 2212 261 2276 hibitus
281 2224 338 2278 est.
371 2211 505 2295 Scripsit
525 2234 609 2290 vero,
630 2224 666 2275 ut
688 2223 821 2275 testatur
837 2212 961 2291 Cicero,
981 2213 1106 2277 librum
1125 2237 1182 2277 no-

140 2327 225 2390 mine
247 2315 509 2411 Ἀποκαρτερών,
542 2326 575 2387 in
597 2348 704 2411 quoa
726 2328 789 2389 vita
811 2326 941 2411 quidam
964 2348 1022 2411 per
1041 2326 1181 2390 inediam

141 2439 327 2516 discedem,
348 2450 516 2503 revocatur
538 2440 578 2502 ab
600 2442 720 2519 amieis,
740 2441 860 2525 quihus
881 2441 1076 2525 respondens
1098 2441 1182 2504 vitae

141 2551 298 2615 humanae
328 2550 493 2614 enumerat
523 2552 736 2619 incommoda.
750 2549 775 2637 3)
811 2554 905 2617 Liber
924 2565 1068 2619 autema
1090 2555 1181 2618 nullo

142 2736 351 2747 ———-—

177 2839 202 2905 1)
238 2841 351 2890 Bruclrer
366 2842 436 2891 Hist.
448 2845 579 2907 orit.plsil.
596 2845 651 2893 Vol.
663 2846 681 2894 l.
698 2845 789 2909 peut).
802 2878 832 2886 —
852 2847 886 2894 lle
899 2852 981 2894 aetate
999 2848 1180 2907 llegesiaenon

142 2942 249 2988 sonstat.
269 2937 372 2984 Vossius
385 2937 416 2984 de
430 2937 492 2986 trist.
511 2939 553 2986 Gr.
572 2938 590 2988 1.
606 2937 648 2987 12.
668 2940 779 2987 Platonis
795 2956 853 2987 eum
869 2941 1002 3002 aequalem
1017 2941 1088 3004 lacit,
1104 2957 1180 3003 quern

142 3048 236 3080 errasse
252 3032 328 3080 docet
337 3030 511 3091 Menagius'ad
522 3032 601 3094 Diog.
614 3032 700 3081 Lodrt.
718 3033 749 3082 ll.
760 3031 801 3081 26.
821 3034 971 3081 Bouhierius
983 3041 1067 3082 sutem
1083 3036 1115 3082 sd
1127 3037 1180 3085 Cio.
1251 3083 1255 3099 ,

144 3127 220 3174 Tarso.
232 3127 262 3183 Q.
273 3126 292 3174 l.
307 3122 349 3172 34.
364 3125 399 3187 (in
408 3122 454 3173 Ed.
466 3120 565 3186 Moseri)
575 3124 629 3195 eius
644 3130 754 3173 aetatem
769 3125 888 3174 incidisse
903 3132 977 3190 putat
994 3129 1021 3175 in
1041 3134 1181 3191 postremos

142 3218 278 3267 Ptolemaei
296 3217 400 3278 Lngidae
419 3223 573 3280 annospaut
588 3218 614 3265 in
630 3224 743 3282 tempora
760 3204 928 3284 Philadelphi.
955 3222 1036 3268 Minus
1056 3228 1126 3270 recte
1146 3228 1181 3270 ts-

143 3328 200 3361 men
214 3312 257 3359 ille
275 3312 405 3372 Hegesiam
422 3311 601 3375 philosophum
618 3314 728 3361 eundem
747 3318 824 3376 atque
840 3318 965 3362 oratorem
986 3316 1078 3377 habet,
1104 3332 1181 3378 quem

143 3422 253 3454 errorem
270 3407 390 3453 refutavit
406 3406 573 3454 Ruhnkenius
590 3408 660 3457 Hist.
678 3409 737 3457 ortt.
755 3416 817 3458 orat.
837 3409 880 3456 Gr.
895 3407 922 3454 in
941 3410 1032 3471 Oposo.
1049 3408 1069 3458 l.
1085 3425 1110 3471 p.
1121 3407 1181 3458 382.

142 3503 177 3550 oe
193 3517 223 3549 20
236 3500 398 3563 scripsero.
410 3500 700 3564 nemeacusenegasa
712 3485 921 3576 natossava'rp,
950 3501 1085 3564 oueaune.
1105 3501 1181 3552 1771.

144 3592 168 3646 4.
183 3595 252 3657 quod
268 3600 353 3642 tamen
371 3593 495 3656 seriptum
509 3593 635 3656 inspicere
651 3594 712 3641 mihi
731 3610 782 3641 non
801 3593 883 3644 licuit.

176 3684 202 3751 2)
238 3688 320 3738 Verba
336 3693 396 3734 sunt
405 3687 499 3735 Valerii
508 3687 604 3732 Maximi
620 3688 676 3736 Vll.
691 3687 717 3750 9,
729 3685 753 3736 3.
772 3688 807 3737 Cl.
821 3688 888 3738 Plut.
907 3676 974 3759 περὶ
990 3680 1103 3757 mel-001.
1123 3704 1180 3752 pag.

143 3777 194 3828 497
215 3783 243 3830 Ι).

178 3869 204 3935 3)
238 3853 290 3923 'cie
314 3876 389 3923 Tisse.
407 3875 436 3931 Q.
459 3875 478 3923 l.
496 3871 536 3922 34.
556 3875 603 3921 Pro
622 3854 723 3935 vulgata
745 3874 856 3922 lectione
872 3875 938 3937 qood
955 3890 970 3920 a
989 3875 1054 3936 vito,
1073 3874 1105 3921 de
1121 3890 1182 3922 con-

74 4024 80 4039 4
140 3969 243 4030 jectura
267 3967 374 4015 Bentleii
406 3967 562 4014 restituimus
588 3971 617 4015 irs
640 3985 688 4031 quo
711 3985 727 4015 a
753 3969 822 4027 vita,
854 3983 930 4029 quam
952 3967 1043 4031 prohat
1070 3968 1182 4016 lloserus

143 4062 174 4109 ad
191 4060 216 4108 h,
234 4060 250 4109 l.
