2648 4844
652 341 672 400 6

68 514 69 518 ¹
142 524 176 586 in
195 523 265 586 acie
278 520 446 587 defunctos
460 518 612 598 lapdavit.
635 516 827 597 Huiusmodi
848 517 1006 593 orationes
1019 514 1182 612 scripsisse

144 635 297 701 dicuntur
308 635 455 720 Gorgias,
466 626 660 717 Archinus1)
674 630 909 716 Theopompus,
918 625 944 715 2)
959 627 1145 714 Hyperides,
1154 624 1183 713 ⁸)

143 751 331 826 Naucrates,
343 743 369 833 ⁴)
396 747 469 825 alii,
489 767 572 831 quae
594 757 699 827 tamen
718 724 868 828 temporis
888 742 1005 839 injuria
1027 741 1067 815 ad
1087 764 1184 819 unpm

144 884 253 927 omnes
282 862 464 947 perierunt.
485 861 628 935 Fuerunt
648 828 743 937 etiam
765 856 819 919 alii
842 870 872 918 et
892 856 1035 935 rhetores
1061 867 1092 933 et
1109 878 1184 932 ora-

135 987 239 1054 ¹tores,
265 975 321 1060 qui
339 995 375 1037 er
397 973 554 1052 industria
575 972 615 1036 de
634 972 695 1035 hoc
717 971 789 1059 loco
811 981 958 1056 egerunt,
972 971 1035 1032 sive
1059 970 1185 1034 utalios

144 1088 184 1152 de
206 1088 459 1151 necessariorum
481 1098 583 1150 morte
604 1085 713 1148 aliisve
733 1082 967 1147 calamitatibus
980 1083 1184 1147 consolaren-

144 1213 217 1282 tur,
258 1203 323 1264 sire
355 1210 391 1265 ut
423 1201 577 1268 universe.
591 1199 632 1262 de
665 1197 850 1263 consolandi
888 1197 992 1261 officio
1025 1197 1184 1282 quaedam

143 1317 379 1402 praeciperent.
410 1313 540 1378 Scilicet
560 1313 689 1401 egregia
718 1311 798 1377 haec
816 1309 984 1388 videbatur
1004 1310 1186 1398 explicandi

145 1430 315 1509 oratoriam
336 1429 524 1492 facultatem
547 1426 779 1512 opportunitas,
802 1437 838 1499 ut
859 1425 899 1504 de
928 1446 1037 1500 rerum
1066 1425 1185 1507 huma.-

143 1565 258 1607 narum
280 1540 552 1621 vicissitudinibus
574 1541 787 1625 fortunaeque
808 1540 1019 1617 inconstantia
1039 1550 1183 1625 agerent.

144 1654 239 1738 Quod
250 1656 385 1719 maxime
398 1655 475 1719 fecit
486 1655 650 1734 Prodicus,
671 1655 697 1722 si
707 1653 785 1719 fides
797 1652 944 1731 habende
956 1663 1002 1718 est
1012 1653 1166 1733 Aeschini
1172 1703 1184 1739 ,

143 1743 202 1855 qm
232 1770 265 1832 in
286 1769 430 1839 Aniocho
450 1770 615 1834 Socratem
635 1767 730 1847 huius
761 1767 919 1857 sophistae
944 1789 1124 1846 sermotiem
1137 1767 1184 1849 ,de

144 1884 228 1948 ritae
246 1883 379 1963 miseriis
398 1884 591 1947 referentem
612 1883 747 1955 inducit.
762 1879 789 1970 5)
812 1883 850 1961 ln
867 1881 918 1958 luis
939 1887 1186 1970 praetoremn-

35 2015 43 2026 ·
143 1996 288 2063 morandi
318 2007 391 2061 sunt
419 2019 497 2082 pum
514 1997 702 2083 Antiphon,
732 1999 788 2084 qui
820 1995 963 2075 Corinthi
990 2018 1025 2069 ur
1050 1996 1185 2074 taberne

143 2132 245 2196 prope
257 2110 363 2189 forum
383 2111 514 2196 publice
525 2111 684 2197 professus
695 2107 806 2202 τέχνην
829 2101 990 2189 oduuino,-
1013 2121 1044 2172 et
1066 2110 1185 2191 librum

142 2222 206 2288 hoc
225 2224 354 2289 nomine
375 2225 538 2312 scripsisse
560 2224 698 2303 dicitur,
721 2235 818 2309 etque
839 2221 1039 2303 auditoribps
1061 2227 1185 2310 prorui-

143 2315 218 2402 sisse
240 2360 400 2420 sermones
420 2339 602 2423 consulein,
624 2359 669 2422 ως
687 2326 886 2415 οὗὸὲνόῧτω
907 2327 1010 2401 δεινὸν
1029 2327 1185 2422 dociacus

143 2441 232 2532 ἄκος,
253 2443 271 2516 ὃ
290 2442 335 2538 μῆ
354 2449 456 2529 ἐξέλοι
474 2451 532 2538 τῆς
550 2439 725 2539 γνώμηςτῢ)
738 2449 1011 2530 tunhlddsmas,
1025 2452 1092 2538 sui,
1104 2461 1185 2527 teste

178 2643 204 2710 1)
239 2608 383 2696 Funebrem
402 2648 457 2695 eius
476 2648 616 2696 orationem
630 2647 716 2696 laudat
734 2647 805 2697 Plato
822 2649 924 2696 Mones.
945 2666 969 2712 p.
987 2646 1088 2697 403.h.
1104 2649 1139 2697 Cf.
1153 2649 1186 2697 de

143 2758 174 2790 eo
186 2742 358 2790 Ruhnkenius
377 2743 448 2790 Hist.
466 2743 525 2790 crit.
541 2748 603 2809 crat.
626 2744 672 2790 θη
683 2743 710 2790 in
725 2743 817 2806 Opusc.
834 2743 890 2790 Vol.
909 2743 930 2805 Ι,
954 2759 978 2806 p.
993 2740 1053 2804 316.

178 2830 205 2897 2)
240 2835 319 2882 Huius
332 2836 412 2883 oratio
431 2836 584 2884 laudaturin
598 2837 688 2884 funere
703 2836 806 2884 Mausoli
823 2837 889 2897 regis
905 2836 1005 2899 Garine,
1022 2836 1053 2884 de
1069 2852 1120 2898 qua
1133 2837 1184 2885 vid.

142 2926 234 2989 Pfluglr
251 2927 282 2976 ds
307 2930 458 2993 Theopompi
483 2931 546 2978 coti
563 2930 619 2976 vito
635 2936 661 2976 et
680 2945 731 2976 err.
751 2945 777 2993 p.
794 2927 836 2977 Ἠ.
855 2931 891 2978 Cf.
904 2931 1022 2978 Wichers
1035 2931 1187 2994 Theopompi

144 3021 208 3070 ctis·
222 3023 324 3087 fragm.
341 3039 365 3087 p.
386 3022 417 3071 11
435 3039 492 3086 sqq.

176 3111 203 3178 3)
239 3116 285 3162 llic
301 3116 328 3162 in
347 3116 436 3179 primis
450 3115 566 3164 dicendis
579 3114 738 3164 orationibus
754 3116 905 3165 funebribus
918 3117 1059 3166 laudatura
1071 3119 1186 3179 Longino

142 3208 376 3256 consenescens.
397 3207 439 3259 34.
456 3211 493 3258 Cf.
507 3209 595 3273 Toupii
611 3209 683 3258 adh.
698 3209 716 3256 l.
733 3211 910 3275 annotatio'p.
925 3209 987 3258 212.
1005 3212 1184 3272 fragmentum

141 3302 238 3364 legitur
257 3303 324 3366 apud
341 3303 410 3352 Stob.
427 3304 492 3353 Flor.
510 3310 529 3352 t.
546 3302 611 3366 124,
628 3303 661 3352 36
686 3303 731 3352 Ed.
748 3305 825 3353 Gaisf.

177 3391 203 3458 4)
240 3396 296 3444 vid.
304 3397 376 3445 Dion.
385 3397 470 3461 Halyc.
479 3398 506 3446 in
512 3399 576 3446 Arte
584 3399 659 3446 libet.
670 3397 718 3446 αθ
729 3399 771 3446 cui
782 3398 873 3445 titulus
885 3404 923 3446 est
935 3384 1071 3467 μέθοδος
1082 3388 1184 3451 ἐπιτα-

142 3476 229 3561 φίων,
244 3491 289 3539 ubi
298 3491 368 3539 hunc
385 3496 412 3539 et
427 3501 526 3540 ceteros
541 3492 617 3540 modo
631 3491 746 3540 laudatos
764 3492 865 3554 egregia
882 3493 910 3540 in
930 3493 979 3541 hoc
996 3508 1090 3554 genere
1100 3509 1185 3541 exeru-

140 3583 183 3647 pls
198 3584 297 3633 dedisse
314 3585 432 3634 affirmat.
461 3587 497 3634 Cf.
522 3585 646 3634 Illeursius
667 3587 751 3634 Lacu.
768 3586 859 3634 Ass-1.
878 3587 921 3647 tv.
937 3601 960 3633 c.
981 3585 997 3634 4
1017 3592 1045 3636 et
1062 3587 1186 3635 Ruhnke-

140 3677 199 3726 nius
208 3680 254 3743 Op.
271 3678 289 3729 l.
305 3695 331 3743 p.
341 3676 401 3728 367.
1145 3711 1147 3715 >

173 3768 200 3834 ὅ)
236 3773 328 3823 hescb.
354 3771 489 3821 Acisclum
511 3789 534 3821 c.
557 3770 582 3820 ⁷.
610 3773 656 3820 eff.
672 3772 712 3821 Cl.
734 3772 795 3823 Geel
821 3774 966 3828 [luserit.
985 3774 1060 3837 Sept.
1081 3774 1107 3831 iu
1124 3774 1182 3823 Aet.

140 3864 196 3912 Soc.
217 3866 289 3933 Traj.
306 3866 333 3914 P.
353 3867 388 3914 11.
405 3864 496 3931 p.130
519 3863 609 3915 et135
626 3881 682 3932 sqq.
710 3866 832 3917 Welcker
852 3867 983 3929 Prodilsos
1002 3884 1056 3917 vom
1070 3870 1140 3927 Keos
1158 3885 1184 3933 p.

138 3955 199 4006 ⁶08·
219 3973 276 4022 ur·
788 3976 791 3983 ·

172 4047 199 4111 s)
235 4052 309 4099 vira.
329 4052 396 4100 rius.
425 4053 473 4099 rs.
490 4055 520 4101 r.
541 4055 623 4101 ono.
647 4070 671 4116 p.
694 4052 745 4100 ssa
764 4056 789 4102 c.
810 4055 977 4119 sosinosiros
992 4033 1048 4116 suu.
1065 4058 1140 4120 sepa.
1161 4059 1182 4106 1:
