2648 4844
662 269 681 327 4

143 458 241 535 atque
260 450 354 512 simul
385 449 612 511 defunctorum
634 445 925 532 cognatos—alloqui
954 445 1058 529 iisque
1084 443 1186 507 medi·

142 565 246 627 cinam
266 565 384 626 allerre
402 562 536 626 studuit.
555 563 666 646 Neque
689 562 819 645 tragicis
837 559 953 622 deindo
971 559 1050 621 hacc
1067 580 1183 642 oppor-

141 679 259 741 tunitas
279 655 399 756 deluit3
421 700 496 740 cum
518 677 603 737 enim
625 675 686 738 hoc
710 674 879 759 tragoediis
901 685 982 735 esset
998 674 1182 757 proprium,

141 803 176 853 nt
209 791 321 853 heroes
352 789 472 876 aliique
501 791 533 851 in
557 812 651 853 scena
681 799 938 873 proponerentur
969 787 1099 849 suminis
1130 807 1181 848 ca·

142 905 335 967 lamitatibus
368 904 499 980 afflicti,
535 905 579 965 rei
614 915 745 965 naturae
779 901 856 964 nihil
887 901 986 986 magis
1016 897 1184 961 videbatur

141 1029 407 1094 consentaneum,
442 1039 539 1101 quam
571 1029 605 1079 nt
627 1016 720 1078 simul
744 1015 919 1100 prudentes
941 1015 1102 1098 peritique
1125 1013 1182 1074 viri

140 1118 407 1208 inducerentur,⁸
428 1133 484 1216 qui
516 1131 587 1194 illos
617 1131 701 1193 bono
731 1151 798 1190 esse
827 1130 932 1192 animo
956 1149 1060 1212 neque
1079 1127 1184 1188 infor-

141 1245 237 1306 tuniis
250 1267 379 1329 prorsus
391 1244 517 1307 devinci
537 1242 756 1306 admonerent.
781 1244 863 1306 Hinc
882 1252 927 1304 tot
938 1242 1024 1326 apud
1045 1242 1183 1325 tragicos

139 1358 346 1421 inveniuntur
358 1358 543 1421 consolandi
561 1370 772 1443 argumenta,
796 1358 913 1442 quibas
933 1357 1061 1441 egregie
1073 1366 1183 1438 postea

141 1472 187 1532 usi
210 1483 282 1534 sunt
302 1470 494 1555 philosophi,
516 1494 719 1557 quorumque
738 1494 886 1556 maguam
907 1481 1030 1554 partem
1050 1467 1182 1553 collegit

141 1583 309 1649 Stobaens.
324 1581 350 1671 ¹)
377 1585 470 1665 Quod
498 1607 573 1648 vero
606 1585 653 1647 illi
675 1586 793 1670 passim
814 1586 847 1647 iu
869 1585 995 1668 scriptis
1018 1584 1180 1658 fecerant,

140 1696 202 1761 hoo
225 1698 299 1773 data
322 1720 420 1782 opera
441 1700 507 1784 egit
529 1698 759 1776 Antimachus,
790 1700 846 1784 qui
874 1700 909 1761 in
936 1699 1059 1783 elegia,
1092 1694 1183 1779 Lyda

139 1811 313 1895 inscripta,
343 1835 376 1874 se
404 1814 472 1896 ipse
494 1813 528 1874 in
550 1813 639 1875 obitu
662 1814 768 1875 uxoris
784 1812 888 1898 Lydae
910 1811 1090 1876 consolatus
1113 1832 1203 1872 esse.

139 1924 278 2002 dicitnr‚
312 1915 609 2010 ἐξαριθμησάμενος
637 1918 696 1996 τας
725 1913 865 2010 sigiwunds
888 1916 1082 2012 οομφοροῖς,
1111 1927 1183 1995 τοῖς

140 2027 323 2121 ἀλλοτρίοις
341 2037 451 2107 κακοῖς
465 2025 588 2098 ἐλάττω
606 2025 663 2121 τήν
683 2031 801 2098 ἑαυτοῦ
819 2034 923 2098 ποιῶν
941 2025 1054 2119 λύπην.
1066 2033 1091 2120 2)

184 2150 253 2211 ltlox
275 2158 383 2210 autem
404 2149 437 2209 in
469 2149 610 2210 muneris
633 2149 817 2211 societatem
839 2160 1041 2211 accesserunt
1067 2171 1181 2232 prosae

141 2262 291 2324 orationis
313 2262 507 2345 scriptores,
531 2273 692 2339 oratores,
715 2260 907 2346 philosophi.
939 2263 1084 2343 Quorum
1107 2265 1179 2348 qui-

139 2374 212 2437 dem
243 2375 291 2453 illi
327 2375 495 2459 egregiam'
524 2373 710 2438 consolandi
749 2377 1019 2459 opportunitatem
1056 2376 1178 2440 hahue-

140 2499 214 2551 runt
237 2487 432 2550 orationihns
453 2487 619 2566 dicendis,
653 2489 751 2572 vulgo
773 2486 961 2572 ἐπιταφίοις
984 2492 1121 2569 vocatis,
1145 2492 1177 2553 in

139 2603 257 2686 quihus
279 2601 446 2664 defunctos
469 2601 619 2680 laudare,
644 2624 693 2665 res
705 2614 808 2687 gestas
828 2625 939 2665 eorum
951 2613 982 2665 et
993 2605 1178 2667 memoriam

140 2715 321 2792 celebrare,
356 2715 516 2800 simulque
550 2717 692 2801 cognatis
714 2727 746 2778 et
775 2717 886 2780 amicis
919 2727 950 2780 ot
984 2738 1056 2780 vero
1082 2720 1177 2780 etiam

140 2918 345 2927 ——--——

175 3044 200 3109 1)
236 3051 304 3098 Stoh.
317 3051 382 3097 Flor.
401 3056 419 3098 t.
435 3049 484 3097 124
503 3051 546 3097 Ed.
558 3051 633 3097 Gaisf.
644 3049 717 3098 cuins
726 3049 859 3113 inscriptio
874 3056 912 3118 est
928 3040 1120 3122 παρηγορικὰ,
1132 3053 1176 3100 nbi

139 3142 226 3189 endem
253 3145 306 3188 lere
326 3143 473 3190 consolandi
498 3149 661 3205 argumenta,
679 3161 744 3206 quae
764 3145 856 3191 deinde
876 3144 980 3191 uberius
998 3147 1176 3208 explicuerunt

140 3236 302 3298 philosophi,
319 3252 333 3282 u
349 3238 430 3299 poetis
446 3220 500 3299 farn
526 3236 639 3283 adhibita
660 3238 783 3285 invenies.
808 3241 924 3287 Ceterum
945 3239 971 3284 in
994 3239 1078 3286 choris
1100 3242 1175 3288 etiam
1204 3238 1212 3244 ”

139 3329 242 3389 tragicis
258 3330 424 3377 consolationi
441 3331 512 3377 locus
526 3337 598 3394 erat,
618 3347 696 3392 quum
712 3333 780 3379 enim
790 3330 828 3378 illi
840 3332 945 3378 maxime
955 3333 1064 3393 hymnis,
1078 3335 1176 3382 threnis

139 3427 167 3468 et
181 3424 322 3487 praeceptis
346 3424 376 3470 de
397 3425 444 3471 rite
467 3424 624 3471 instituenda
647 3426 696 3472 vita
721 3430 885 3487 constarent,
904 3427 931 3472 in
952 3427 1049 3472 threnis
1070 3428 1175 3475 maxime

139 3520 228 3578 poetae
245 3517 460 3578 opportunitatem
477 3517 639 3577 hahuerunt,
661 3517 808 3582 deplorandi
830 3534 870 3565 res
888 3519 1024 3580 humanas,
1048 3521 1175 3582 simulque

139 3608 290 3656 medicinam
299 3611 421 3657 afferendi
431 3611 478 3670 iis,
494 3611 538 3673 qui
554 3612 581 3658 in
599 3612 670 3658 malis
685 3612 858 3659 versabantur.
879 3613 931 3674 Qua
940 3612 971 3659 de
982 3629 1008 3659 re
1016 3614 1065 3660 vid.
1077 3615 1174 3662 lleeren

140 3701 171 3750 de
191 3704 263 3750 chori
283 3705 327 3751 Gr.
342 3709 409 3768 trag.
425 3710 518 3751 notura
535 3711 561 3751 et
574 3705 660 3752 indole
669 3707 736 3752 Gott.
757 3704 838 3767 1784,
859 3723 882 3768 p.
903 3703 950 3766 15,
965 3706 998 3753 32
1016 3712 1043 3753 et
1059 3705 1099 3755 42.

174 3794 199 3858 2)
235 3796 291 3845 Vid.
308 3798 460 3845 Plutarchus
475 3797 547 3845 Cous.
564 3798 598 3844 ad
612 3798 695 3860 Apoll.
711 3814 735 3860 p.
750 3793 800 3845 106
814 3799 839 3846 C.
859 3799 918 3846 Eius
932 3799 1051 3862 reliquias
1064 3800 1175 3861 college·

140 3895 200 3936 runt
214 3890 395 3952 Schellenberg
410 3892 562 3939 Antimaohs'
580 3891 728 3955 Colophonii
749 3891 877 3955 reliquiae
893 3889 976 3954 1786,
1000 3900 1026 3940 st
1041 3892 1173 3941 Blomfield

139 3984 227 4030 Dlutr.
247 3984 278 4031 do
295 3984 447 4034 Antimacho
456 3993 533 4048 postu
550 3992 575 4033 at
589 3987 758 4050 grammatico
778 3987 928 4050 Colophonio
946 3986 1021 4035 1813.
