2648 4844
639 307 678 368 47

140 487 196 551 iile
218 498 309 550 ortus
329 497 362 548 et
378 486 527 548 interitus
544 488 643 550 nostri
662 508 830 572 uunquam
848 488 1015 567 subsistat,
1035 488 1089 552 sed
1108 492 1176 554 sine

140 600 373 665 intermissione
390 598 455 662 labi
475 610 599 684 pergat.
634 589 695 663 Διό
722 596 775 661 καὶ
796 597 957 684 μοιρίδιον
978 597 1075 686 χρέος
1096 592 1176 667 εἶναι

139 709 265 797 λέγεται
285 702 324 773 τό
348 707 418 796 ζῆν,
441 700 487 783 ὠς
509 699 813 796 ἀποδοθησόμενον,
837 699 1073 774 όέδανεὶσαντο
1087 704 1178 798 ἡμῶν

140 820 172 888 οἱ
193 809 415 908 προπάτορες·
438 811 457 885 ὃ
478 812 518 907 δὴ
540 819 594 884 καὶ
616 809 754 892 edacitate
774 816 989 906 καταβλητέον
1009 820 1062 885 καὶ
1084 812 1177 885 ἀστε·

139 922 275 1010 νάιπως,
298 921 375 995 ὅταν
396 924 414 994 ό
437 928 587 1004 δανείσας
609 921 740 1016 ἀπαιτῇ.
754 927 779 1016 ¹)
795 919 963 1013 ε”Εχομεν
977 922 1038 1018 γάρ
1054 922 1093 996 τό
1111 929 1176 1017 ζῆν,

141 1033 255 1126 ὥσπερ
279 1037 604 1126 παρακαταθεμένοις
625 1038 777 1118 ararat}
804 1029 953 1126 ἀνάγκης,
980 1038 1034 1104 καὶ
1059 1030 1177 1106 τοότον

140 1141 256 1237 χρόνος
279 1140 388 1223 οὐδείς
416 1146 500 1238 ἐστιν
527 1139 706 1237 ὡρισμένος
731 1149 790 1236 τῆς
822 1138 1028 1229 ἀποδόσεως,
1063 1142 1177 1236 ὥσπερ

139 1265 209 1333 τοῖς
230 1258 443 1347 τραπεζίταις
464 1259 522 1346 τῆς
542 1259 606 1324 τῶν
627 1251 796 1342 θεμάτων,
825 1249 891 1323 ἀλλ’
916 1249 1034 1346 ἄδηλον
1055 1249 1137 1325 πότε
1159 1254 1177 1324 ό

140 1362 219 1444 dorio
241 1360 456 1458 tinctorium)

184 1485 226 1548 Ut
255 1496 364 1549 autem
393 1498 528 1549 mortem
557 1508 619 1550 non
639 1488 779 1564 malum,
806 1485 860 1549 sed
877 1485 983 1569 potius
1004 1485 1178 1549 maximum

140 1600 259 1662 bouum
281 1609 496 1694 proponeret,
529 1599 625 1663 immo
645 1600 727 1662 vitae
746 1597 1006 1683 praeferendam,
1040 1599 1178 1663 Socratis

140 1714 285 1797 exemplo
305 1710 443 1775 diversas
465 1711 504 1775 de
526 1723 628 1775 morte
649 1712 819 1775 sententias
838 1721 1026 1795 persecutus
1039 1709 1175 1774 videtur.

139 1827 184 1889 Ex
207 1826 371 1890 Socratica
390 1827 475 1889 enim
497 1826 733 1910 comparatione
756 1837 889 1889 mortem
911 1824 1055 1887 altissimi
1077 1824 1178 1887 somni

127 1961 205 2035 ‘esse
224 1939 359 2001 similem
380 1939 527 2018 dicebat,
555 1951 652 2025 atque
670 1938 745 2002 inde
765 1939 940 2016 efficiebat,
961 1959 1030 2000 eam
1048 1937 1178 2000 minime

140 2074 207 2114 esse
229 2052 451 2132 metuendam,
475 2052 598 2138 quippe
620 2074 703 2137 quae
719 2064 789 2136 post
805 2053 887 2115 vitae
903 2050 1042 2114 infinitos
1053 2050 1178 2115 labores

139 2166 386 2250 placatissimam
414 2166 535 2229 bomini
558 2164 749 2230 concederet
768 2166 920 2250 quietem.
957 2163 1100 2244 Quodsi,
1131 2164 1178 2227 sic

140 2278 296 2364 pergebat
337 2280 489 2357 Crantor,
529 2302 567 2343 ex
607 2278 751 2342 eiusdem
787 2277 969 2362 philosophi
1009 2297 1177 2360 compara-

140 2394 225 2456 tione
248 2403 295 2455 est
321 2393 469 2479 migratio
500 2414 537 2456 ex
559 2392 620 2455 hae
642 2403 726 2454 terra
748 2392 781 2452 in
801 2391 873 2453 illas
895 2391 1064 2475 regiones,
1097 2409 1177 2473 quas

139 2507 196 2590 qui
212 2529 229 2569 e
252 2507 316 2569 vita
333 2518 554 2583 excesserunt,
577 2506 735 2583 incolunt,
755 2503 835 2590 quid
850 2503 906 2566 illa
926 2515 972 2587 est
992 2502 1194 2591 optabilius,-

139 2641 242 2705 quum
264 2641 321 2704 per
342 2641 412 2684 eam
430 2642 449 2682 a
470 2619 606 2683 vinculis
628 2619 723 2682 huius
745 2619 828 2681 ritae
857 2617 991 2701 eiusque
1018 2615 1177 2701 cupidita-

138 2733 225 2796 tibus
244 2733 382 2811 liberati,
404 2747 513 2796 rerum
537 2754 731 2818 cognoscere
751 2730 933 2817 possimus?
956 2731 1062 2794 Tertia
1081 2750 1177 2814 porro

138 2846 179 2910 de
202 2857 303 2910 morte
331 2847 506 2924 sententia,
540 2866 605 2930 qua
634 2858 665 2907 et
691 2846 815 2909 animus
843 2856 874 2906 et
901 2865 1017 2927 corpus
1045 2844 1178 2906 interire

138 2971 292 3044 putatur,
311 2981 352 3022 ne
370 2960 450 3024 haec
472 2958 603 3046 quidem
621 2957 729 3036 habet,
753 2955 840 3048 quod
858 2956 978 3019 malum
998 2978 1067 3018 eam
1089 2954 1176 3017 diea-

137 3095 220 3138 mus.
256 3074 324 3136 Una
344 3074 429 3136 enim
454 3095 529 3137 cum
557 3073 621 3136 vita
648 3093 775 3135 omnem
802 3091 933 3156 quoque
959 3066 1177 3131 amitteremus

138 3208 288 3265 sensum,
326 3198 364 3250 ut
391 3208 498 3271 neque
526 3186 609 3251 bona
638 3207 744 3270 neque
771 3186 854 3249 mala
876 3185 1043 3270 percipere
1066 3204 1177 3267 posse-

139 3400 346 3416 ——d—n—-n

173 3550 198 3616 1)
234 3554 301 3603 Plut.
315 3552 388 3604 Coos.
404 3553 439 3601 od
452 3553 535 3618 Apoll.
555 3569 580 3617 p.
592 3550 761 3602 warocum
777 3552 863 3614 hunc,
875 3551 921 3614 qui
937 3550 1036 3612 verbio,
1056 3548 1177 3596 dictioni-

137 3648 201 3710 bus,
238 3649 420 3712 compositione
447 3664 462 3696 a
484 3647 584 3711 reliquo
606 3646 752 3696 Plutarohei
773 3645 855 3694 libelli
874 3645 932 3693 stilo
950 3645 1054 3704 differt,
1078 3640 1175 3688 elibro

137 3743 266 3790 Crantoris
287 3743 444 3805 descriptum
465 3747 539 3805 putat
560 3741 693 3804 Wyttenb.
713 3747 800 3789 annot.
825 3740 855 3788 ad
867 3730 906 3786 Ἰν.
929 3736 962 3793 i.;
985 3750 1096 3798 quooum
1115 3735 1176 3785 facit

139 3835 255 3883 Usteriuo
269 3836 301 3883 ad
317 3837 343 3884 b.
362 3837 378 3883 l.
394 3837 429 3883 cf.
447 3835 585 3883 Schneider
598 3835 615 3881 l.
630 3835 647 3881 Ι.
661 3851 685 3897 p.
698 3831 758 3882 843.

173 3927 199 3992 2)
235 3930 302 3977 Plus.
322 3929 387 3977 Ibid.
403 3945 428 3992 p.
454 3927 512 3976 116.
535 3929 562 3974 B.
583 3926 724 3974 Verisimile
737 3932 793 3988 est,
813 3926 882 3973 hunc
898 3924 960 3971 item
975 3924 1060 3980 locum
1078 3921 1175 3970 Plutar·

138 4023 215 4071 chum
231 4002 345 4071 Cruritori
364 4023 465 4072 debere.
482 4020 539 4068 Vid.
559 4021 612 4066 Van
632 4020 757 4082 Ryoewyk
774 4019 791 4067 l.
807 4019 825 4079 l,
847 4035 871 4082 p.
884 4009 934 4067 69?
