2648 4844
630 328 693 390 10⁵

186 507 350 572 Hactenus
376 505 493 571 Teletis
518 508 755 591 fragmentum,
789 505 870 570 nihil
899 505 1036 591 amplius
1057 505 1098 571 de
1116 507 1184 572 eius

143 621 228 684 libro
249 616 329 703 περὶ
350 619 457 706 φυγῆς
480 630 614 686 constat.
659 620 821 701 Quocirca
841 617 882 684 ad
911 610 1111 685 Philiscum
1130 643 1185 686 ac·

143 733 316 812 cedamus,
341 734 433 796 cuius
457 734 569 813 verba,
591 733 632 797 ad
652 735 839 799 Ciceronem
856 733 897 797 de
919 735 1185 797 exsiliosuocou·

142 845 330 925 solandum,
352 847 386 908 in
397 846 529 910 historia
546 848 644 911 refert
662 847 721 910 Dio
740 847 875 912 Cassius.
885 843 911 933 ¹)
937 847 1017 928 Quis
1035 869 1110 911 vero
1128 847 1184 910 ille

141 961 240 1024 fuerit
256 954 439 1037 Philiscus,
463 982 528 1023 non
546 961 671 1046 liquet,
696 982 799 1046 quum
820 962 914 1025 multi
935 960 1031 1024 huius
1049 960 1185 1024 nominis

141 1074 289 1152 fuerint,
306 1093 388 1158 quos
406 1071 447 1136 ad
465 1073 574 1136 Dionis
590 1073 700 1138 locum
717 1084 884 1137 recensent
897 1077 1099 1159 interpretes.
1123 1073 1186 1136 Ne-

110 1269 114 1277 .
143 1209 207 1273 que
223 1185 257 1250 id
273 1187 411 1249 multum
423 1185 463 1250 ad
484 1209 553 1250 rem
569 1188 664 1266 iacit,
689 1209 762 1251 nam
777 1188 837 1251 Dio
848 1187 970 1252 Cassius
988 1188 1073 1272 ipse,
1086 1186 1186 1250 histo·

141 1302 285 1364 ricorum
303 1321 407 1380 more,
429 1299 487 1365 hos
506 1323 666 1365 sermones
683 1301 809 1365 finxisse
828 1300 972 1380 videtur,
995 1321 1112 1386 eosque
1124 1298 1185 1363 tri-'

141 1414 250 1478 buisse
261 1413 411 1493 Philisco,
434 1414 623 1500 philosopho
643 1415 770 1479 cuidam
790 1437 853 1478 nou
874 1415 1012 1500 insigni,
1036 1413 1123 1498 quod
1147 1436 1184 1477 er

143 1529 211 1591 eius
227 1527 350 1605 verbis,
368 1516 520 1599 othonis·
535 1549 585 1600 aa·
601 1518 696 1613 ἀνὴρ,
720 1529 847 1593 efficere
859 1529 946 1593 licet.
960 1522 985 1614 ²)
996 1556 1000 1561 ·
1011 1529 1059 1591 lta
1076 1539 1185 1591 autem

142 1640 195 1704 hic
215 1640 401 1705 Ciceronem
422 1637 462 1701 ad
478 1639 575 1701 animi
603 1641 865 1724 aequabilitatem
884 1662 1034 1705 revocare
1060 1640 1183 1718 studet,

143 1765 179 1817 ut
200 1755 340 1839 primum
357 1773 431 1815 eum
448 1752 680 1836 reprehendat,
706 1754 794 1839 quod
813 1755 860 1818 111
880 1766 985 1819 tantae
1007 1753 1184 1838 doctrinae,

176 1990 203 2057 1)
238 1995 284 2042 llio
303 1993 401 2043 Cassius
416 1993 462 2042 lib.
482 1994 619 2043 xxxvlll.
638 2011 694 2060 cap.
713 1995 747 2046 18
758 1995 842 2046 -30.
866 2026 906 2060 -,
917 1997 986 2046 Esne
1001 1996 1106 2044 Philisci
1124 2010 1186 2045 cou-

140 2087 292 2136 solaticnem
306 2086 461 2152 jampridem
484 2088 572 2135 Latine
593 2089 671 2137 vertit
693 2091 733 2140 Jo.
755 2089 863 2154 Aurispa
885 2090 1001 2153 Siculus,
1026 2091 1064 2138 vir
1080 2090 1184 2138 eximiae

140 2182 292 2245 doctrinae,
311 2181 356 2244 qui
365 2181 473 2229 11111111
484 2180 551 2231 1369
561 2213 591 2218 -
603 2181 670 2232 1459
684 2184 753 2234 vixit.
780 2185 934 2251 (Tiraboschi
958 2187 1024 2234 Stor.
1041 2185 1110 2234 della
1129 2185 1183 2234 less.

141 2277 202 2324 Ital.
216 2277 242 2325 T.
256 2276 299 2323 vl.
310 2277 336 2349 P,
349 2276 368 2324 1.
380 2292 405 2339 p.
417 2272 485 2323 1007
496 2272 563 2339 sqq.)
582 2277 660 2338 Quam
671 2278 829 2341 sessionem,
846 2280 939 2326 editam
948 2279 1048 2327 Parisiis
1062 2294 1084 2326 1.
1096 2276 1182 2339 151⁰,

140 2370 233 2417 mirum
248 2374 303 2431 est,
319 2367 371 2416 non
395 2368 534 2416 adhibitam
553 2384 607 2416 esse
621 2385 635 2416 1
650 2370 736 2418 Dionis
751 2371 945 2434 interpretibus,
965 2377 994 2419 ut
1006 2371 1066 2418 inde
1089 2372 1193 2425 Graeca

140 2450 314 2525 corrigerent,
340 2478 420 2525 quum
444 2463 546 2526 optimis
564 2461 640 2510 Codd.
661 2479 721 2510 usus
736 2478 789 2511 esse
806 2463 930 2512 videatur.
957 2465 997 2513 Sic
1019 2466 1049 2512 1.”
1062 2479 1086 2525 g.
1106 2464 1184 2512 verba

140 2543 207 2629 (eqp'.
230 2552 273 2617 28)
298 2542 343 2628 μή
366 2541 463 2607 πάντα
481 2540 573 2606 adrdv
592 2541 689 2620 ἄλλοις
709 2548 827 2626 βιῶναι,
847 2543 908 2608 dtt'
930 2543 991 2630 ἤδη
1013 2571 1042 2608 τι
1064 2547 1113 2608 καὶ
1135 2568 1184 2609 os-

140 2649 224 2734 αυτῷ
241 2648 442 2733 χαρίσασθαι·
466 2642 572 2724 σκέψαι
590 2646 638 2722 δὲ,
670 2675 736 2721 qaae
761 2661 788 2708 in
813 2661 939 2724 prioribus
960 2660 1115 2709 editionibus
1138 2659 1185 2707 ab·

140 2758 228 2814 erant,
251 2769 368 2818 quaeque
384 2752 480 2815 primus
496 2768 526 2799 ex
544 2751 603 2800 Cod.
617 2753 729 2801 ldediceo
745 2755 853 2818 protulit
871 2755 1027 2817 Gronovius,
1053 2747 1139 2802 Latine
1156 2753 1182 2801 in

141 2847 258 2895 versione
278 2846 401 2911 hurispae
423 2845 554 2907 leguntur.
584 2847 669 2894 Exstat
687 2852 772 2895 autem
789 2847 853 2897 haec
871 2849 953 2896 versio
968 2850 995 2896 in
1010 2850 1053 2897 lis.
1076 2849 1102 2896 in
1118 2847 1183 2897 liibl.

139 2941 218 2989 huius
233 2940 311 2990 head.
364 2956 368 2962 ·

174 3031 201 3097 2)
236 3035 365 3085 Fabricius
391 3035 422 3082 ad
448 3036 473 3081 h.
491 3034 509 3081 l.
535 3034 673 3082 Philiscum
692 3035 762 3083 hunc
781 3035 934 3099 Epicureum
952 3036 1029 3084 fuisse
1048 3036 1182 3100 opinatur,

139 3130 209 3192 quod
228 3129 254 3176 in
271 3128 430 3176 sermonibus
444 3128 514 3176 hisce
530 3128 712 3193 indolentiam,
730 3135 760 3178 ut
772 3130 910 3194 Epicurus,
929 3130 1023 3177 laudat.
1045 3130 1182 3192 Attamen,

140 3229 170 3271 ut
185 3238 260 3286 supra
272 3223 431 3284 monuimus,
448 3223 571 3285 Epicurus
581 3222 607 3270 in
618 3224 790 3272 consolatione
806 3225 910 3272 minime
924 3224 1124 3286 commendavit,
1138 3223 1182 3273 sed

140 3322 231 3365 eontra
252 3316 409 3380 oppugnavit
429 3301 585 3366 ἆπαθέιάν.
613 3316 637 3363 si
653 3332 713 3364 vero
729 3333 759 3364 ex
771 3292 826 3364 eius
838 3318 922 3365 verbis
934 3318 1001 3381 apud
1012 3292 1117 3366 Dionem
1127 3319 1183 3366 Cas·

139 3412 205 3458 sium
222 3416 401 3472 angmentum
420 3409 572 3473 capiendum
589 3415 642 3472 est,
668 3410 752 3472 potius
765 3426 823 3458 eum
839 3411 951 3458 Stoicum
968 3411 1081 3470 diceres,
1101 3427 1181 3473 quum

138 3506 232 3553 docere
245 3506 361 3567 studeat,
377 3504 495 3552 'exsilium
512 3521 562 3552 non
583 3520 637 3552 esse
656 3505 765 3567 malum,
789 3520 866 3566 quam
888 3504 1035 3552 consolandi
1057 3504 1181 3552 rationem

139 3600 230 3655 Stoicis
245 3600 272 3646 in
288 3599 376 3663 primis
393 3598 538 3662 placuisse,
554 3615 629 3662 supra
645 3599 762 3646 vidimus.
790 3599 825 3646 lle
840 3598 914 3646 honis
929 3602 1015 3646 autem
1027 3598 1181 3646 externisita

138 3693 320 3754 ratiocinatur,
338 3697 367 3739 ut
383 3693 414 3740 iis
432 3709 484 3740 non
501 3708 601 3740 omnem
617 3693 767 3741 felicitatem
782 3692 924 3755 contineri,
943 3692 987 3740 sed
1004 3707 1049 3754 11,
1068 3707 1133 3754 quae
1149 3691 1181 3740 ad

138 3786 423 3854 vitam-sustentandam
439 3788 490 3834 sint
504 3787 660 3856 necessaria,
680 3787 777 3835 homini
790 3787 905 3835 sufficere
921 3786 1068 3833 contendat.
1087 3786 1180 3847 Quodsi

138 3863 270 3946 praeterea
285 3881 410 3929 rationem
430 3881 556 3952 attendis,
575 3897 625 3943 qua
648 3881 679 3928 de
703 3887 813 3943 quatuor
836 3879 973 3928 virtutibus
994 3880 1179 3941 cardinalibus,

116 4040 120 4047 Ι
138 3991 204 4038 quae
221 3980 360 4037 vocantur,
377 3975 408 4023 de
425 3975 562 4037 ignominia
579 3975 662 4037 deque
678 3977 729 4023 lato
745 3975 873 4038 loquitur,
890 3976 975 4040 potius
990 3990 1049 4024 eum
1066 3975 1179 4036 Stoicae,

138 4084 215 4132 quam
234 4070 372 4134 Epicureae
389 4075 472 4118 sectae
484 4106 491 4131 ,
503 4069 633 4117 addictum
649 4069 725 4118 tuisse
744 4070 850 4118 diceres.
