2648 4844
635 317 694 377 101

143 468 254 563 mortis
284 466 467 530 discrimine
498 479 650 533 versatur.
693 469 812 533 Similis
842 482 889 533 est
917 492 1013 533 senex
1037 471 1094 548 -ei,
1128 473 1184 556 qui

141 603 260 668 magno
280 582 360 644 mari
383 582 611 672 pernavigato,
636 582 774 664 jubente
804 584 1039 669 gubernatore,
1073 605 1184 647 navem

143 693 319 778 relinquit,
348 693 475 775 juvenis
497 715 571 757 vero
592 695 639 773 ei,
666 697 723 779 qui
744 697 778 758 in
799 696 904 767 media
928 697 1146 781 navigatione„
1167 718 1185 758 e

141 828 222 870 nave
243 807 402 885 elabitur,
425 828 533 891 neque
554 806 678 871 idcirco
699 808 814 888 finem,
849 832 946 894 quem
969 809 1029 872 sibi
1062 831 1184 893 propo·
1208 826 1213 834 ⁴

141 929 268 998 suerat,
286 920 429 1004 attingit.
444 915 469 1006 ¹)
494 920 608 984 Omnia
627 931 755 999 autem,
781 944 863 1006 quae
876 922 976 1001 fiunt,
989 922 1116 986 dissolvi
1128 922 1184 986 de-

140 1033 216 1097 inde
245 1033 381 1110 debent,
415 1045 451 1095 ut
483 1032 562 1127 adeo
584 1033 742 1112 mundus,
774 1046 942 1119 propterea
964 1035 1052 1120 quod
1083 1036 1181 1121 origi·

141 1169 216 1210 nem
233 1146 400 1224 habuerit,
417 1146 451 1207 in
468 1146 576 1232 ignem
596 1157 628 1210 et
646 1168 763 1232 aqiram
780 1147 971 1210 dissolutum
988 1149 1027 1212 irr
1045 1148 1182 1214 dicatur.

140 1262 270 1327 Homini
293 1282 424 1346 quoque
446 1282 483 1322 ex
506 1245 569 1323 hac
590 1261 653 1323 vita
675 1272 721 1323 est
740 1259 983 1340 decedendum,
1010 1261 1099 1346 quod
1120 1263 1180 1346 ipsi
1222 1336 1224 1340 ρ

140 1397 240 1460 quam
259 1375 394 1438 maxime
416 1366 561 1459 expedit,
586 1392 690 1458 quum
710 1397 794 1438 mors
816 1375 899 1438 vitae
919 1376 1014 1461 longe
1034 1376 1183 1460 sitprae-

140 1487 283 1551 ferenda.
326 1486 478 1550 Abundat
508 1490 593 1548 enim
620 1488 684 1577 vita
707 1487 846 1550 bumana
873 1489 964 1551 malis
992 1489 1181 1573 permultis,

142 1601 307 1666 laboribus
326 1601 507 1676 continuis,
538 1602 701 1680 luctibus,
723 1600 908 1680 doloribus,
932 1603 1043 1681 bellis,
1074 1615 1180 1667 certa-

140 1715 299 1793 minibus,
311 1726 342 1778 et
359 1725 528 1799 quaesunt
544 1714 687 1800 reliqua3
700 1715 787 1799 ipsae
799 1714 895 1793 adeo,
910 1738 993 1801 quae
1007 1727 1182 1794 vocantur,

140 1829 342 1924 voluptates,
362 1850 454 1891 verae
466 1849 530 1891 non
544 1839 636 1907 sunt,
649 1828 704 1891 sed
722 1829 874 1913 parvulae
888 1841 921 1893 et
934 1828 1045 1908 lalsae,
1061 1830 1182 1915 quippe

139 1964 226 2028 quae
238 1943 332 2006 citius
345 1952 550 2019 evanescant,
572 1963 670 2027 quam
686 1942 842 2019 oriantur,
860 1942 1058 2028 eaedemque
1070 1943 1182 2027 exple-

141 2068 193 2120 tae
213 2056 337 2141 saepius
357 2055 468 2119 dolore
485 2054 635 2119 afficiant.
658 2056 739 2118 lllors
751 2077 826 2118 vero
838 2056 1009 2119 animuma
1025 2078 1181 2141 corpore,

139 2169 230 2256 quod
249 2181 296 2253 tot
317 2170 475 2233 malorum
495 2181 541 2232 est
559 2190 688 2247 caussa,
709 2167 865 2254 sejungit,
887 2192 1026 2255 eumque
1049 2169 1182 2234 deducit
1223 2242 1225 2246 μ

139 2285 175 2347 in
203 2275 296 2371 ἀειδῆ
313 2272 433 2362 τόπον,
456 2283 512 2346 ubi
534 2282 680 2364 judices,
703 2282 861 2345 mendacii
881 2284 1005 2368 ignari,
1023 2281 1126 2364 justos
1149 2294 1180 2345 et

138 2397 273 2482 injustos
291 2397 458 2479 judicant,
482 2418 620 2483 eosque,
653 2396 710 2482 qui
732 2398 912 2487 superiores
938 2395 1095 2477 ejudicio
1116 2396 1180 2459 dis-

138 2524 324 2591 cesserunt,
343 2513 376 2574 in
396 2533 523 2596 campos
540 2511 660 2596 Elysios
682 2509 722 2573 ad
743 2501 897 2573 summam
915 2511 1103 2573 felicitatem
1122 2509 1181 2574 du·
1233 2592 1235 2597 Ι

138 2639 239 2705 cunt,
269 2627 325 2689 ubi
355 2627 478 2689 animae
506 2636 579 2688 sunt
604 2621 703 2710 (pilae
723 2645 759 2685 τε
782 2620 835 2684 καὶ
856 2620 1000 2686 κοινωνοὶ
1023 2611 1182 2702 δαιμόνων

138 2759 176 2802 ιε
201 2736 255 2801 καὶ
282 2726 411 2826 ἡρώων,
440 2727 497 2809 οὓς
523 2734 605 2809 τέως
632 2727 714 2821 οἷκοῇ
741 2725 1055 2820 παραλαμβάνουσαι
1081 2723 1182 2797 &aad

136 2847 257 2931 μαζον,
287 2847 473 2936 στρατηγῶν
493 2867 529 2909 τε
551 2844 605 2910 καὶ
626 2843 786 2925 βασιλέοιν
817 2835 874 2908 οὐκ
897 2837 1139 2909 ἅπολείποιπαι.
1152 2841 1178 2930 ²)

236 3008 345 3016 ,ωε-μμ-.

175 3094 201 3159 1)
235 3098 306 3145 Stob.
324 3098 394 3150 Flor.
412 3099 451 3146 tit.
469 3095 528 3158 115,
547 3095 603 3162 26.Ι

174 3188 202 3253 2)
238 3191 307 3240 Stob.
321 3191 385 3240 lbid.
405 3191 445 3239 tit.
463 3189 527 3253 121,
546 3189 587 3239 35.
