2648 4844
643 342 685 403 85

139 532 287 604 ereptus,
307 520 419 582 sivero
437 542 492 582 sua
511 523 629 605 gratia,
650 522 787 605 liquebit
798 525 942 599 cumino,
960 546 1020 585 nou
1038 524 1182 591 defuncti

139 636 265 718 ipsum,
289 631 345 695 sed
364 632 528 709 utilitatis,
555 655 651 717 quam
674 656 710 696 ex
729 656 766 696 eo
789 636 1003 717 percipiebat,
1027 637 1183 701 desiderio

141 746 254 810 teneri.
281 746 501 809 Pulcherrime
520 756 628 807 autem
643 748 794 831 antiquus
813 747 1020 831 philosophus
1037 762 1182 813 naturam
1224 828 1226 832 Α

141 862 248 924 luctus
272 859 333 923 hac
361 859 469 922 fabula
492 848 662 942 expressit:
700 883 800 944 quum
824 863 947 944 Jupiter
968 862 1027 924 diis
1048 863 1181 947 siugulis

141 975 278 1037 honores
297 973 520 1060 distribueret,
549 995 612 1035 nou
633 973 742 1037 aderat
759 976 896 1051 Luctus,
931 976 987 1059 qui
1007 987 1112 1038 tamen
1129 975 1183 1037 de-

143 1087 217 1150 inde
253 1087 442 1162 adveniens,
485 1108 587 1170 quum
628 1090 731 1150 ornnia
769 1088 837 1167 jam
865 1101 967 1151 esseut
998 1088 1183 1164 distributa,

143 1202 290 1285 accepit,
312 1221 394 1285 quae
415 1199 594 1275 restabant,
616 1200 740 1263 dolores
761 1212 791 1262 et
814 1202 979 1278 lacrimas,
1001 1223 1084 1286 quae
1102 1225 1184 1265 mor·

144 1316 206 1378 tuis
227 1312 470 1397 impenduntur.
499 1314 537 1376 Ut
555 1313 655 1398 igitur
679 1315 777 1376 ceteri
799 1313 843 1376 dii
866 1337 937 1391 eos,
957 1339 974 1377 a
995 1317 1112 1400 qubus
1132 1336 1185 1378 oo-

144 1431 274 1505 luntur,
298 1439 422 1505 amant,
447 1428 491 1489 ita
513 1449 644 1512 quoque
666 1429 803 1505 Luctus,
827 1429 851 1489 si
871 1429 1008 1490 lacrimis
1028 1430 1187 1517 ipsomet

145 1541 327 1627 planetibus
344 1541 502 1615 honoras,
535 1551 563 1600 te
584 1539 717 1625 diliget,
741 1563 932 1626 semperque
962 1542 1019 1603 tibi
1047 1543 1186 1626 aliquam

146 1655 308 1718 moerendi
339 1653 557 1737 suppeditabit
587 1655 770 1731 materiam,
811 1667 847 1717 ut
878 1647 1078 1717 continenter
1104 1677 1121 1717 a
1157 1667 1186 1717 te

145 1771 281 1833 colatur.
333 1768 452 1848 Quaeri
485 1768 581 1830 etiam
614 1789 648 1829 ex
682 1769 813 1852 lugente
840 1768 952 1844 liceat,
987 1779 1097 1829 utrum
1130 1789 1187 1851 per

147 1895 245 1946 totam
268 1882 363 1945 vitam
390 1881 517 1964 plorare
540 1879 735 1958 decreverit,
757 1903 797 1943 an
816 1902 890 1942 vero
913 1894 1021 1964 postea
1043 1881 1071 1941 ei
1093 1881 1185 1942 linem

145 1999 186 2059 sit
218 1995 441 2078 impositurus;
483 1993 598 2078 quodsi
633 1994 715 2055 illud
752 1993 939 2069 decrevisti,
978 1995 1073 2056 vitam
1111 2016 1188 2077 prae

146 2110 244 2174 animi
280 2108 405 2194 ignavia
439 2108 663 2199 miserrimam*
685 2118 816 2169 acturus
853 2129 902 2185 es3
938 2109 962 2170 si
999 2128 1073 2170 vero
1108 2119 1187 2169 tem-

149 2245 226 2309 pore
255 2234 347 2306 putas
384 2221 544 2283 minutum
575 2221 614 2282 iri
648 2220 791 2298 dolores,
821 2240 880 2284 cur
907 2242 970 2284 non
1000 2222 1105 2283 statim
1135 2241 1187 2282 eos

149 2336 325 2422 deprimis?
368 2356 468 2419 quare
504 2336 639 2418 tempori
672 2335 891 2419 relinquetur,
931 2333 1018 2419 quod
1045 2335 1112 2417 ipse
1138 2356 1189 2396 ra·

149 2455 236 2517 tione
261 2461 315 2512 tua
339 2449 465 2512 efficere
482 2448 580 2532 possis
592 2448 608 2512 ‘l
620 2445 644 2532 ¹)
683 2449 876 2531 Praeparare
893 2459 1000 2510 autem
1018 2469 1073 2509 nos
1092 2447 1189 2509 debe·

150 2588 240 2644 mus,
261 2576 297 2626 ut
318 2585 357 2625 ne
373 2564 510 2646 impares
531 2574 562 2624 et
583 2563 719 2624 inermes
735 2563 817 2624 mala
836 2584 891 2624 nos
910 2562 1104 2645 opprimant,
1125 2583 1189 2645 qua

150 2680 190 2743 de
211 2701 246 2741 re
264 2676 442 2740 audiendus
464 2686 510 2737 est
532 2676 642 2751 Plato,
675 2675 731 2759 qni
761 2676 857 2737 vitam
886 2696 960 2738 oum
989 2673 1076 2736 aleae
1098 2673 1188 2753 jactu

151 2813 356 2876 comparans,
388 2813 436 2851 res
459 2801 579 2852 nostras
605 2808 795 2871 componere
816 2787 1003 2851 adhortatur
1029 2786 1069 2849 ad
1084 2787 1190 2867 jactus

152 2909 291 2989 exitum:
316 2903 404 2989 quod
422 2904 481 2965 nisi
498 2903 686 2978 fecerimus,
707 2900 951 2964 advenientibus
968 2901 1057 2963 malis
1074 2901 1190 2963 obrue-

152 3043 243 3099 mur,
272 3030 303 3081 et
323 3020 366 3080 ita
379 3018 592 3102 plorabimus,
616 3016 816 3101 lugebimus,
842 3026 972 3097 pectora
984 3014 1189 3096 plangemus,

153 3147 189 3199 ut
206 3133 395 3196 mulieribus
413 3133 519 3215 potius
537 3141 568 3192 et
584 3130 745 3205 barbaris,
767 3129 889 3212 quibus
900 3127 932 3190 id
949 3128 1115 3212 proprium
1133 3138 1190 3203 est,

153 3272 251 3336 quam
261 3245 474 3314 virisGraecis
486 3246 585 3307 lutari
596 3245 691 3307 simus
704 3242 831 3306 similes.
845 3244 1012 3305 Maximum
1024 3252 1130 3303 autem
1143 3264 1192 3304 so-

154 3365 267 3427 latium
285 3373 331 3422 est
348 3361 381 3445 in
399 3358 650 3436 calamitatibus,
673 3359 697 3419 si
720 3357 816 3439 culpa
828 3376 994 3431 vacamus,
1012 3367 1044 3416 et
1056 3355 1081 3414 si
1093 3376 1190 3438 repu-

155 3490 280 3554 tamus,
302 3486 347 3537 tot
372 3475 532 3557 tantisque
559 3472 648 3534 malis
669 3470 833 3534 abundare
857 3470 970 3546 vitam,
995 3478 1064 3529 uta
1086 3469 1194 3529 multis

152 3593 220 3676 jam
236 3589 432 3672 sapientibus
452 3608 488 3648 ea
511 3587 674 3670 deplorata
697 3587 754 3662 sit,
776 3585 867 3669 quasi
889 3582 978 3645 nobis
1005 3583 1037 3642 in
1063 3601 1195 3663 poenam

157 3707 248 3782 data3
272 3725 374 3787 eaque
394 3702 491 3764 suerit
510 3701 685 3763 multorum
704 3699 743 3762 de
763 3700 818 3761 illa
837 3697 1008 3773 sententia,
1028 3694 1111 3756 nasci
1131 3714 1197 3754 esse

159 3821 298 3895 malum,
323 3817 403 3879 natis
425 3828 531 3878 autem
551 3813 719 3897 prodesse,
744 3823 780 3875 ut
801 3812 904 3874 statim
923 3822 993 3894 post
1010 3819 1115 3870 ortum
1130 3827 1198 3868 mo·

124 4077 126 4081 ·
197 4067 221 4132 1)
258 4071 325 4118 rua
347 4070 362 4115 r.
377 4070 394 4117 r.
413 4085 435 4130 μ.
455 4065 501 4112 111
516 4068 540 4112 a.
560 4095 591 4104 -
613 4063 661 4110 na
676 4063 729 4116 c..
