2648 4844
616 351 637 412 9

112 536 193 599 llum
214 554 289 596 vero
311 532 411 596 octeri
433 552 564 616 quoque
585 529 768 615 philosophi
786 531 995 594 consolationi
1017 551 1145 617 separa·

14 695 16 700 .
112 660 177 710 tum
199 648 233 709 in
254 644 456 731 philosophia
477 644 591 707 morali
618 644 790 707 tribuerint
811 643 937 722 locum,
968 665 1045 728 prae
1067 645 1145 708 scri-

27 830 30 836 ,
112 773 238 845 ptorum
257 759 317 823 hac
338 758 379 823 (16
399 780 433 821 66
455 757 580 821 61166116
602 758 762 822 incertum
784 768 850 836 est,
876 754 901 844 ¹)
938 757 994 821 sed
1014 756 1079 821 hoc
1099 769 1146 822 est

112 875 320 952 rarissimum,
343 894 440 958 quam
461 872 616 956 plurimos
639 872 667 934 ci
690 893 782 938 suum
805 883 836 934 et
858 871 1000 934 lahorem
1020 883 1051 934 et
1070 883 1145 957 6664

112 1009 176 1050 ram
203 986 414 1071 impendisse,
445 995 482 1048 ut
508 984 587 1048 adeo
608 984 764 1069 paulatim
785 986 818 1047 in
841 986 1052 1049 consolatorio
1074 985 1146 1050 loco

112 1111 155 1163 tot
181 1101 367 1163 exsisterent
386 1099 489 1182 capita
509 1110 541 1160 et
570 1097 714 1176 scholae,
738 1108 817 1183 quot
843 1097 1038 1163 haberentur
1060 1100 1146 1163 cala-

111 1213 255 1276 mitatum
277 1233 405 1298 genera.
449 1212 520 1292 Qua
549 1210 589 1274 dc
619 1233 655 1275 re
673 1211 839 1275 audiamus
858 1212 1066 1291 Ciceronem,
1089 1213 1145 1276 uhi

112 1326 149 1389 de
170 1325 362 1389 consolantis
392 1325 496 1389 officio
525 1325 671 1389 disserit:
702 1325 809 1404 „Sunt
839 1327 935 1404 enim,
969 1327 1024 1405 ait,
1058 1337 1146 1390 certa

112 1461 191 1524 quae
211 1439 251 1503 (16
271 1450 478 1524 6666661616,
511 1449 597 1502 66616
627 1460 711 1524 quac
743 1439 783 1502 de
812 1441 876 1503 rita
896 1439 1085 1503 inhonorata
1115 1451 1147 1504 61

112 1553 246 1639 ingloria
266 1551 332 1616 dici
355 1553 494 1615 soleant:
525 1553 695 1636 separatim
725 1563 831 1617 certae
853 1553 981 1617 scholae
1010 1565 1085 1617 sunt
1105 1553 1147 1618 de

112 1668 240 1745 exsilio,
263 1666 303 1730 (16
321 1667 454 1729 16166116
480 1667 620 1751 patriae,
643 1666 684 1728 de
710 1668 879 1746 servitute,
900 1667 940 1731 (16
962 1667 1144 1744 debilitato,

96 1780 146 1843 -de
176 1782 350 1858 caecitate,
380 1780 420 1844 (16
453 1782 539 1843 omni
572 1801 665 1859 casu,
689 1781 722 1843 in
744 1802 810 1865 quo
832 1802 948 1845 nomen
966 1783 1044 1867 poni
1065 1782 1145 1846 solet

112 1895 312 1958 calamitatis:
337 1893 417 1958 haec
438 1895 554 1959 Graeci
573 1895 607 1956 in
626 1895 767 1980 singulas
789 1893 913 1958 scholas
934 1907 965 1957 et
984 1897 1018 1958 in
1035 1897 1145 1982 singu-

49 1991 51 1995 ·
110 2008 152 2072 los
174 2008 274 2072 libros
301 2006 510 2092 dispertiunt:
536 2030 615 2092 opus
638 2010 721 2070 enim
742 2019 923 2094 quaerunt:
949 2030 1146 2096 quamquam

110 2123 221 2206 plenae
251 2121 480 2206 disputationes
510 2122 731 2186 delectationis
762 2134 846 2187 sunt.
882 2124 921 2186 Et
951 2134 1077 2202 tamen,
1108 2136 1145 2189 ut

110 2236 224 2300 medici
254 2247 321 2299 toto
351 2257 485 2320 corpore
513 2235 656 2300 curando
685 2237 836 2300 minimae
867 2220 962 2300 etiam
990 2239 1093 2322 parti,
1119 2239 1144 2302 si

110 2350 284 2427 condoluit,
308 2348 489 2427 medentur,
508 2350 554 2413 sic
572 2348 777 2433 philosophia
799 2372 874 2412 cum
896 2351 1144 2414 universamao-

110 2462 302 2546 gritudinem
324 2462 463 2541 sustulit,
486 2472 592 2525 tamen
614 2463 640 2524 si
660 2463 731 2547 quis
750 2483 837 2526 error
855 2462 986 2526 aliunde
1007 2465 1143 2543 exstitit,

110 2578 132 2639 si
149 2589 320 2661 paupertas
339 2577 522 2656 momordit,
543 2579 568 2640 si
586 2578 762 2662 ignominia
780 2579 939 2664 pupugit,
961 2580 986 2641 si
1006 2579 1084 2664 quid
1098 2592 1143 2644 te-

109 2690 278 2753 nebrarum
298 2690 413 2754 offudit
432 2691 596 2770 exsilium,
617 2702 672 2753 aut
691 2712 820 2770 eorum,
844 2714 928 2777 qnae
945 2692 1039 2756 modo
1059 2693 1142 2773 dixi,

109 2805 132 2866 si
164 2804 244 2889 quid
274 2806 410 2882 exstitit,
441 2805 641 2889 singularum
673 2816 747 2869 suut
776 2807 924 2889 propriae
952 2807 1142 2872 consolatio-

109 2922 196 2980 nes.”
220 2913 247 3002 ²)
269 2918 381 3002 Neque
400 2928 525 2980 tantum
544 2916 727 3001 philosophi
746 2920 779 2980 in
801 2919 935 3003 singulis
954 2921 1143 2985 vitaeinfor·

108 3032 201 3094 tuniis
224 3031 455 3094 consolationes
478 3033 696 3114 scripserunt,
726 3031 780 3095 sed
807 3032 939 3095 fuerunt
966 3032 1057 3112 adeo,
1086 3036 1142 3120 qui

107 3144 199 3208 latius
221 3144 309 3208 hunc
331 3145 439 3209 locum
461 3145 675 3229 explicarent,
700 3167 840 3233 cumque
856 3139 1143 3235 Ciceronemque-

108 3271 228 3322 rcntem
246 3257 405 3337 audimus,
427 3259 553 3322 nullum
575 3257 682 3323 adhuc
699 3259 859 3324 rhetorem
876 3283 912 3324 ex
934 3262 1090 3327 industria
1101 3263 1141 3329 de

108 3369 254 3436 hocloco
272 3374 490 3456 praecepisse,
514 3369 540 3458 ³)
561 3371 639 3437 huic
657 3371 814 3437 desiderio
833 3397 851 3437 a
871 3375 1023 3460 Dionysio
1044 3378 1142 3464 Haly·
1236 3452 1243 3463 ¹

136 3600 162 3665 1)
198 3604 269 3652 ldem
291 3620 395 3668 quoque
414 3606 692 3670 placuisse·Chrysipp0
714 3607 857 3655 verosimile
870 3614 923 3671 est,
947 3609 991 3671 qui
1014 3613 1066 3656 tres
1082 3624 1142 3659 con-

104 3699 204 3762 scripsit
216 3698 294 3746 lihros
311 3687 379 3770 περὶ
400 3688 520 3762 παθῶν,
538 3700 620 3763 iisque
640 3705 760 3762 quartum
772 3702 870 3749 addidit
887 3687 1142 3776 θεραπευτικόνῆ

104 3775 212 3860 >friends
233 3793 400 3857 inscriptum,
421 3793 448 3840 in
473 3809 525 3856 quo
547 3794 579 3842 de
601 3796 740 3843 auferendo
759 3796 846 3843 dolore
866 3797 950 3858 deque
966 3794 1140 3845 consolatione

104 3887 246 3949 praecepit,
272 3903 322 3949 qua
344 3888 375 3934 do
401 3903 428 3934 rc
442 3887 559 3950 pluribus
576 3889 648 3935 iufra.

136 3976 163 4041 2)
198 3981 247 4027 Cic.
268 3984 342 4028 Taso.
365 3980 457 4039 Q.111.
477 3979 517 4028 34.

136 4069 163 4134 3)
197 4075 247 4122 Cic.
268 4075 298 4120 dc
319 4077 388 4122 Orat.
407 4077 438 4123 ll.
459 4075 500 4124 15.
