2648 4844
637 291 680 350 83

141 467 249 534 Vitam
272 469 355 529 enim
382 467 554 530 humanam
583 471 798 533 calamitatum
828 494 895 534 esse
921 474 1048 559 plenam
1079 478 1186 540 fortu-

141 604 280 667 namque
291 580 497 659 mutabilem,
517 595 585 645 tum
605 585 664 666 ipsi
683 585 864 668 experimur
881 587 1044 670 quotidie,
1068 602 1135 652 tum
1152 593 1185 654 in

141 696 212 758 aliis
232 695 455 758 observamus:
478 695 562 758 dolia
582 697 685 774 enim,
707 709 743 760 ut
765 699 921 760 Homerus
942 702 1075 780 cecinit,
1099 703 1184 766 dolia

139 810 208 872 duo
228 811 262 871 in
281 810 365 872 lovis
388 809 461 871 aula
491 809 669 887 habentur,
701 833 840 896 quorum
867 811 929 875 hoo
955 813 1062 892 honis,
1102 816 1184 880 illud

142 945 216 985 vero
235 923 325 985 malis
348 934 394 984 est
414 923 594 1006 repletum,
626 924 695 986 aliis
717 926 816 1009 igitur
845 925 910 989 sola
941 926 1023 990 hona
1054 932 1183 992 contin-

141 1047 241 1120 gunt,
263 1036 332 1098 aliis
350 1036 415 1098 sola
431 1037 533 1114 mala,
557 1036 719 1123 plerisque
740 1049 845 1099 tamen
865 1051 1003 1124 utraque
1025 1040 1080 1104 illa
1099 1043 1182 1105 inter

141 1171 174 1211 se
192 1150 299 1213 mixta.
332 1147 420 1228 Quid
438 1150 540 1233 igitur
559 1149 734 1212 lacrimaris
749 1149 789 1212 de
808 1163 910 1213 morte
933 1151 1015 1217 filii?
1042 1153 1182 1218 lacrimis

140 1264 226 1324 enim
248 1261 329 1324 nihil
349 1261 498 1345 proficies
505 1286 514 1340 ;
535 1263 561 1325 si
578 1284 652 1325 vero
665 1275 806 1326 caeteros
818 1267 1001 1348 respexeris
1020 1266 1183 1346 homines,
1263 1247 1264 1250 Ἴ

140 1376 295 1460 plurimos
314 1374 435 1437 ridebis
451 1386 482 1437 te
499 1375 601 1438 multo
620 1376 826 1458 infeliciores,
844 1379 901 1462 qui
918 1380 1022 1442 nullos
1040 1402 1182 1465 unquam

139 1489 311 1552 habuerint
331 1489 464 1566 liberos,
496 1491 546 1552 vel
566 1491 623 1574 qui
643 1489 810 1574 tyrannide
825 1492 1012 1555 crucientur
1034 1494 1083 1555 vel
1106 1516 1182 1557 eon·

142 1605 304 1666 tineantur
321 1603 470 1666 vinculis.
489 1604 573 1670 Vere
589 1602 711 1665 idcirco
723 1604 868 1665 Socrates
881 1602 976 1666 dirit:
998 1607 1022 1666 si
1036 1606 1182 1669 omnihus

139 1738 325 1779 communes
349 1715 460 1778 fierent
482 1715 627 1794 dolores,
652 1738 687 1778 ea
711 1716 805 1800 lege,
829 1726 864 1777 ut
885 1738 995 1778 eorum
1014 1719 1182 1803 aequalem

138 1832 278 1915 quisque
289 1841 413 1913 partem
427 1831 608 1913 acciperet,
621 1829 769 1913 plerique
782 1851 838 1892 sua
851 1829 932 1890 mala
945 1830 1082 1892 retinere
1103 1832 1180 1892 mal·

140 1943 217 2008 lent.
240 1940 264 2028 ¹)
312 1944 421 2023 Quare
451 1943 557 2005 autem
591 1954 753 2004 mortuum
780 1942 957 2027 lugendum
984 1943 1147 2006 arbitraris
1166 1946 1180 2006 ’ἰ

139 2058 220 2120 Mors
233 2057 448 2141 enimmalum
460 2077 524 2118 non
536 2068 594 2134 est,
605 2054 659 2118 sed
671 2056 777 2139 potius
788 2055 920 2133 honum,
931 2077 1033 2140 quum
1040 2055 1182 2141 Aeschy-

141 2171 192 2252 lus
205 2192 275 2233 eam
286 2171 407 2233 vocarit
427 2168 507 2249 iope
517 2168 582 2229 τῶν
593 2166 722 2230 πολλῶν
732 2170 846 2247 κακῶν,
864 2182 896 2231 et
908 2171 1103 2233 verissimum
1121 2170 1183 2233 hoe

137 2285 199 2362 sit,
223 2305 280 2368 per
302 2293 435 2345 mortem
458 2282 620 2345 hominem
643 2283 789 2344 omnibus
813 2283 902 2344 malis
925 2283 1065 2347 liberari.
1089 2285 1181 2348 Com-

139 2408 269 2482 paratur
289 2409 397 2459 autem
416 2419 499 2458 mors
519 2418 592 2458 cum
613 2417 741 2471 somno,
765 2395 925 2479 huiusque
945 2418 1033 2458 soror
1050 2396 1181 2476 dieitur,

139 2511 218 2594 quid
237 2520 344 2572 antem
364 2531 473 2571 somno
494 2508 646 2571 dulcius?
669 2509 877 2592 Comparatur
898 2506 1008 2570 eadem
1029 2531 1103 2571 cum
1125 2531 1181 2593 pe-

139 2624 374 2708 regrinatione,
398 2621 561 2707 animique
583 2620 703 2684 dieitur
725 2645 742 2684 a
774 2643 909 2705 corpore
932 2622 1066 2700 solutio;
1102 2622 1180 2708 quid

138 2747 246 2800 autem
266 2737 391 2799 suavius
412 2736 587 2820 excogitari
607 2735 721 2818 possit,
747 2736 1003 2819 quamanimum
1025 2757 1042 2797 a
1065 2756 1178 2819 corpo-

139 2851 181 2912 ris
200 2850 272 2913 labe
294 2849 454 2926 liberum,
489 2849 594 2932 ipsum
616 2870 672 2931 per
693 2869 725 2909 se
748 2849 780 2909 in
800 2860 965 2931 posterum
986 2849 1115 2925 vivere,
1148 2861 1179 2911 et

137 2964 225 3048 quod
245 2986 303 3047 per
322 2975 421 3026 totam
442 2964 537 3025 vitam
553 2962 737 3037 tentaverit,
756 2959 788 3023 id
808 2960 964 3044 perficere
977 2961 1094 3044 posse?
1117 2962 1178 3023 Ne-

139 3099 203 3164 que
219 3077 281 3140 hoc
300 3077 366 3139 solo
385 3088 553 3160 poetarum
572 3098 609 3138 ao
632 3074 896 3159 philosophorum
910 3072 1041 3155 jndicio
1054 3074 1177 3147 nititur,

137 3190 193 3254 sed
215 3192 276 3274 ipsi
298 3189 330 3252 id
353 3191 457 3252 testati
480 3201 554 3251 sunt
576 3190 645 3265 Dii,
665 3190 699 3250 in
717 3187 956 3251 remunerandis
980 3209 1053 3251 cum
1069 3187 1178 3251 Cleohi
1244 3212 1245 3215 ¹

137 3327 175 3367 ac
201 3306 331 3382 Bitone,
363 3315 431 3365 tum
450 3301 611 3387 Agamede
642 3313 673 3363 et
692 3300 891 3383 Trophonio,
921 3311 992 3366 rum
1020 3300 1115 3362 etiam
1145 3302 1176 3362 in

139 3419 290 3495 oraculo,
310 3415 397 3502 quod
415 3417 511 3478 Elisio
533 3412 702 3478 dederunt.
728 3412 817 3476 Idem
837 3414 932 3474 etiam
951 3412 1079 3473 obvenit
1100 3413 1176 3472 Pin-

137 3531 232 3625 daro,
267 3531 324 3616 qui
351 3552 452 3623 quum
471 3541 573 3591 vatem
596 3539 755 3613 rogasset,
786 3525 864 3610 quid
890 3525 1011 3588 homini
1042 3523 1176 3585 maxime

139 3645 341 3721 conveniret,
364 3643 426 3706 hoc
456 3664 646 3726 responsum
667 3640 809 3723 accepit,
843 3637 875 3701 id
898 3659 972 3699 eum
991 3636 1090 3698 latere
1114 3656 1174 3696 non
1234 3665 1251 3727 ‘¹

138 3779 248 3842 posse,
283 3758 339 3840 qui
368 3756 537 3841 Agamedis
567 3777 604 3818 ae
634 3754 807 3835 Trophonii
831 3753 930 3814 fatum
962 3748 1174 3823 celebrasset,

142 3919 346 3928 -—-—-----

173 4006 199 4071 1)
236 4008 302 4055 Plut.
322 4006 384 4055 lhid.
405 4023 428 4067 p.
450 4003 498 4051 106
517 4006 542 4050 B.
