2648 4844
642 330 682 390 57

139 509 307 593 μονωθεὶς
329 507 362 572 ἐκ
383 508 478 594 evj-cde
498 506 556 593 τῆς
578 505 719 595 εἱρκτῆς,
748 501 830 570 ἔνθα
852 496 958 572 dinosa
980 497 1099 586 πάντα,
1127 504 1181 570 καὶ

140 615 328 699 durescere,
350 616 403 682 καὶ
420 608 578 708 ἀγήρατα·
600 611 737 704 γαληνὸς
758 616 794 683 δέ
815 640 879 699 αις,
902 618 955 682 καὶ
976 618 1079 681 κακῶν
1101 611 1180 704 ἄγο-

139 756 196 807 νος
217 730 304 814 βίος,
329 721 495 813 doctrice
519 725 637 817 ἡσυχίᾳ
660 720 895 809 εὐδιαζόμενος,
918 729 972 794 καὶ
987 731 1182 816 motationis

139 836 197 931 τήν
219 833 333 930 φύσιν,
355 841 409 906 καὶ
432 841 638 930 φιλοσοφῶν,
662 831 701 906 ori
722 863 808 924 προς
830 832 925 923 ὄχλον
946 841 999 906 καὶ
1021 841 1179 930 θέατρον,

140 947 225 1018 ἀλλὰ
253 946 339 1041 πρὸς
372 946 547 1040 ἀμφιθαλῆ
578 945 634 1038 τήν
666 942 874 1040 eteoclem).
928 955 1073 1040 Explicat
1100 955 1180 1020 haec

141 1068 295 1154 deinceps
317 1070 462 1133 Socrates
482 1069 662 1133 narratione
688 1068 828 1132 Gobriae
850 1068 891 1131 de
912 1070 1091 1132 animorum
1110 1081 1180 1155 post

141 1194 279 1246 mortem
301 1183 494 1247 conditione.
540 1183 671 1245 Animos
693 1183 779 1244 enim
801 1193 872 1265 post
899 1195 1033 1246 mortem
1063 1183 1180 1247 deduci

141 1298 175 1358 in
195 1318 344 1380 campum
365 1298 517 1374 veritatis,
538 1298 593 1359 ubi
604 1298 702 1360 Minos
725 1307 756 1358 et
767 1295 1026 1360 Rhadamanthus
1038 1296 1179 1374 sedeant,

142 1411 199 1494 qui
222 1410 372 1492 judicum
401 1432 533 1481 munere
561 1411 760 1495 funguntur,
796 1410 830 1471 in
860 1411 1016 1495 cuiusque
1047 1410 1182 1474 hominis

141 1525 238 1586 vitam
259 1525 479 1609 inquirentes,
512 1525 593 1586 bene
615 1547 655 1586 an
672 1523 754 1587 male
774 1525 919 1609 egerint,
951 1524 1027 1588 dum
1050 1526 1081 1587 in
1105 1525 1183 1587 vivis

143 1649 258 1701 essent.
294 1639 354 1702 Eos
377 1650 503 1716 autom,
525 1639 580 1722 qui
608 1638 705 1722 impia
723 1659 773 1722 ac,
784 1637 916 1701 scelesta
936 1639 1181 1715 commiserunt,

142 1775 161 1814 a
183 1753 286 1814 Furiis
308 1751 348 1814 ad
370 1752 508 1815 Erebum
526 1751 621 1830 trahi,
642 1751 697 1814 ubi
721 1750 809 1813 sedes
830 1762 876 1813 est
896 1742 1078 1834 impiorum,
1102 1752 1183 1814 Tan-

142 1867 218 1945 tali,
241 1866 344 1950 Tityi,
364 1865 557 1942 Danaidum,
580 1865 691 1950 ibique
704 1888 720 1928 a
733 1865 933 1949 serpentibus
953 1863 1051 1927 lambi
1069 1875 1100 1926 et
1116 1866 1182 1928 Fu-

143 1979 265 2042 riarum
280 1979 404 2042 facibus
424 1979 605 2042 combustos
617 1980 754 2042 aeternis
766 1979 849 2042 affici
867 1979 1074 2044 cruciatibus.
1098 1979 1183 2060 Qui-

142 2093 203 2155 bus
225 2114 300 2156 vero
322 2094 425 2156 bonus
445 2094 556 2178 genius
577 2094 611 2156 in
628 2093 691 2157 vita
708 2093 878 2177 aspiravit,
910 2093 1033 2178 quique
1044 2093 1130 2174 juste
1152 2105 1184 2157 et

144 2219 252 2271 sancte
274 2194 370 2270 vitain
388 2207 565 2293 degerunt,
591 2210 623 2270 in
641 2208 731 2271 sedes
753 2208 919 2272 beatorum
940 2207 1103 2285 collocari,
1128 2206 1183 2269 ubi

144 2323 267 2398 omnia,
299 2343 382 2407 quae
403 2323 523 2405 sperari
547 2323 688 2406 possint,
705 2321 850 2403 jucunda
867 2322 1084 2398 inveniuntur,
1105 2331 1184 2382 tem-

145 2447 274 2518 peratus
301 2457 376 2513 aer,
410 2436 512 2497 fontes
541 2457 644 2519 aquae
673 2455 795 2518 purae,
840 2446 931 2518 prata
957 2433 1038 2496 mirei
1067 2433 1184 2497 florum

145 2550 298 2612 varietate
319 2548 454 2626 decora,
478 2548 708 2633 disputationes
730 2570 825 2632 porro
856 2560 886 2611 et
917 2549 1079 2634 colloquia
1109 2570 1184 2610 cum

145 2663 359 2747 sapientibus,
395 2662 519 2725 theatra
549 2673 735 2746 poetarum,
768 2663 865 2725 verbo
888 2663 951 2725 vita
979 2661 1182 2739 suavissima,

145 2777 289 2839 omnium
317 2776 535 2839 molestiarum
564 2798 613 2846 ac¹
631 2776 789 2840 malorum
821 2799 943 2861 expers.
986 2777 1077 2858 Quae
1109 2797 1184 2840 cum

145 2891 292 2953 Socrates
309 2902 517 2974 exposuerat,
535 2889 696 2953 Axiochus
709 2889 803 2974 plane
819 2912 852 2952 se
872 2902 1052 2954 recreatum
1071 2891 1182 2969 sentit,

146 3025 183 3067 ac
217 3016 343 3067 tantum
375 3004 480 3083 abest,
512 3016 548 3067 ut
578 3016 714 3067 mortem
745 3015 887 3083 metuat,
912 3014 949 3067 ut
971 3014 1081 3067 contra
1103 3004 1183 3066 mori

147 3119 274 3202 cupiat,
297 3119 461 3203 vitamque
482 3130 674 3184 contemnat.

190 3233 235 3296 Ex
260 3232 321 3296 bac
351 3233 490 3295 Socratis
518 3232 557 3295 de
582 3233 679 3295 animi
701 3233 941 3296 immortalitate
962 3232 1183 3318 disquisitione

146 3346 240 3409 facile
260 3347 399 3410 Platonis
420 3345 596 3409 studiosum
615 3346 779 3430 agnoscis,
803 3348 860 3431 qui
879 3346 977 3409 divini
996 3344 1098 3408 huius
1112 3345 1183 3429 phi-

147 3460 269 3544 losophi
288 3460 415 3545 placitis
437 3459 477 3523 ad
500 3460 707 3523 consolandos
729 3461 857 3523 miseros
876 3460 990 3524 utitur.
1026 3459 1099 3539 Quo
1118 3459 1182 3519 mi-

146 3595 205 3636 nus
221 3586 267 3637 est
283 3575 479 3652 mirandum,
501 3576 673 3654 exstitisse,
698 3575 755 3660 qui
775 3576 881 3659 ipsum
900 3572 1064 3638 Platonem
1086 3572 1182 3635 huius

146 3687 266 3774 dialogi
281 3701 446 3752 auctorem
467 3677 717 3768 arbitrarentur,
741 3710 936 3774 quamquam
958 3687 1061 3750 libelli
1083 3686 1181 3749 dictio

146 3823 164 3865 a
183 3804 347 3866 Platonica
369 3804 523 3867 suavitate
544 3817 642 3890 atque
661 3805 818 3889 elegantia
842 3816 928 3880 toto,
960 3801 1048 3888 quod
1069 3802 1179 3880 aiunt,

183 4071 206 4134 l)
242 4075 376 4122 Aseraeus
391 4091 413 4124 c.
431 4074 471 4124 17.
