2648 4844
675 313 719 374 26

179 516 310 578 compos
328 505 376 555 eat
392 493 512 572 laetus,
532 513 568 552 ea
587 490 692 552 studia
708 493 822 553 melius
841 503 980 552 tractare
998 503 1120 575 potest,
1143 514 1215 577 qm·

179 608 240 670 bue
265 609 298 669 in
331 607 393 667 vita
420 616 553 688 propter
583 606 728 688 corporis
756 606 980 688 contagionem
1009 626 1140 688 operam
1168 608 1216 668 rix

179 721 256 783 dare
277 731 435 803 potuerat.
458 718 533 798 Quo
548 720 684 780 maxime
701 729 824 802 spectat
843 720 946 780 oratio
965 718 1034 780 Eris
1050 718 1218 780 cuiusdam
1257 775 1261 781 .

181 836 341 910 Armenii,
363 835 421 918 qui
437 854 539 917 quum
555 834 587 894 in
607 833 730 915 proelio
747 831 934 908 cecidisset,
952 831 1146 894 duodecimo
1166 832 1219 895 die

181 951 216 1010 in
235 949 329 1010 eitam
351 946 461 1024 rediit,
481 947 670 1030 omniaque,
692 968 776 1030 qnae
794 948 828 1007 in
848 946 958 1007 inferis
979 945 1118 1022 viderat,
1141 968 1220 1008 nar-

182 1063 272 1125 ravit.
297 1064 358 1124 llio
377 1063 477 1146 igitur
495 1082 529 1122 se
551 1061 649 1122 bonos
670 1062 855 1122 convenisse
872 1059 968 1137 duit,
993 1061 1051 1144 qui
1071 1061 1107 1120 in
1126 1061 1221 1123 coelo

182 1174 294 1238 eodem
304 1175 412 1238 sedem
430 1197 520 1238 suam
536 1174 715 1249 habebant,
733 1174 857 1257 quique
878 1195 950 1236 uuas
965 1161 1151 1245 εὐπαθείας
1166 1171 1221 1233 καὶ
1306 1185 1308 1191 “

184 1286 262 1360 θέας
283 1278 466 1372 α’μηχᾶνοις
485 1276 656 1360 1611}th
682 1288 889 1364 enarrabant3
922 1287 1021 1349 malos
1046 1308 1124 1348 vero
1143 1284 1220 1348 infi-

183 1401 256 1462 nitis
275 1398 377 1462 modis
395 1401 551 1478 cruciari,
570 1423 609 1462 ac
621 1423 681 1483 pro
691 1422 823 1485 quaque
840 1401 1015 1482 injustitia,
1037 1421 1136 1484 quam
1146 1421 1220 1483 per·
1309 1483 1314 1497 Ι

183 1525 360 1599 petransent
381 1514 415 1575 in
437 1514 518 1590 vita,
548 1513 656 1577 decies
679 1536 797 1598 poenas
818 1513 969 1597 pendere.
1013 1512 1136 1593 Quodsi
1157 1513 1220 1597 igi-

183 1639 236 1690 tur
258 1629 331 1714 quis
350 1648 408 1711 por
429 1628 513 1690 vitae
535 1629 675 1711 spatium
689 1629 834 1709 justitiae
855 1627 1032 1704 studuerit,
1063 1648 1128 1689 non
1154 1647 1220 1688 mo-

182 1751 252 1804 tuet
283 1753 440 1821 mortem,
462 1741 517 1804 sed
534 1744 644 1826 vpotius
664 1742 804 1804 libenter
825 1763 896 1805 eam
917 1741 1127 1825 opperietur,
1149 1761 1219 1802 eam

182 1855 283 1918 veluti
300 1855 469 1917 transitum
488 1876 555 1917 esse
573 1856 608 1916 in
618 1855 784 1917 meliorem
795 1877 833 1918 ac
844 1876 952 1917 reram
962 1856 1062 1916 vitam
1080 1865 1179 1917 ratus.
1192 1849 1218 1937 ¹)

226 1969 395 2032 Praeclara
414 1989 545 2053 qnoque
568 1979 657 2047 sunt,
683 1991 767 2054 quae
790 1980 902 2032 contra
923 1979 1045 2030 metum
1060 1969 1172 2029 'mortis
1188 1967 1220 2029 in

183 2082 339 2167 Apologia
359 2083 499 2146 Socratis
526 2081 769 2145 dilectissimum
793 2084 981 2167 magistrum
1005 2081 1221 2164 disputantem

181 2195 259 2259 iacit
273 2196 375 2260 Plato.
400 2196 508 2276 Quae,
530 2197 654 2258 etiamsi
673 2218 731 2279 per
750 2217 783 2258 se
799 2206 942 2280 spectata
961 2216 1118 2280 perquam
1130 2215 1221 2279 egre·

184 2310 237 2394 gia
257 2310 320 2371 sint
341 2308 494 2388 dicenda,
527 2330 566 2372 eo
590 2308 743 2391 majorem
770 2321 878 2372 tamen
906 2310 940 2370 in
960 2308 1097 2371 dolentis
1116 2309 1223 2371 animo

184 2424 249 2485 vim
269 2423 534 2502 haberedebent,
554 2445 656 2509 quum
673 2416 743 2508 ipse
763 2425 804 2487 sit
824 2425 989 2501 Socrates,
1009 2422 1067 2507 qui
1089 2443 1126 2484 ea
1149 2443 1222 2506 pro-

131 2588 135 2594 .
183 2535 286 2614 forat,
315 2538 349 2599 in
374 2537 443 2620 ipso
468 2539 620 2620 temporis
652 2548 834 2615 momento,
858 2559 923 2621 qno
944 2535 1097 2599 indecora
1122 2545 1224 2597 morte

184 2649 370 2714 afficiendus
389 2661 467 2714 erat.
508 2651 589 2714 Nam
609 2652 768 2733 sitorum
786 2663 851 2729 est,
874 2661 911 2713 nt
933 2663 980 2713 est
1002 2651 1222 2728 verissimum,

185 2765 333 2827 universo
351 2764 494 2847 exempla
515 2786 709 2849 magnopere
729 2765 834 2828 valere
853 2763 893 2828 ad
915 2764 1082 2828 hominum
1102 2765 1223 2827 animos

186 2876 451 2957 commovendos,
481 2879 646 2963 praeclaro
667 2901 742 2943 sane
762 2879 901 2943 Socratis
921 2880 1028 2964 imago
1048 2900 1067 2941 a
1091 2877 1225 2941 Platone

186 3013 354 3076 expressa,
387 3014 452 3078 qua
484 3014 607 3055 summa
633 2993 731 3055 animi
764 2992 998 3078 tranquillitate
1031 2991 1071 3055 ad
1096 2991 1224 3073 judices

186 3107 282 3169 verba
300 3106 378 3169 facit
404 3105 509 3190 deque
530 3106 639 3168 futura
660 3108 757 3169 animi
780 3106 963 3170 conditione
974 3106 1140 3190 loquitur,
1161 3127 1224 3168 non

186 3230 290 3303 potest
319 3240 381 3282 non
408 3219 542 3281 interius
573 3241 772 3283 commovero
807 3240 1073 3305 unumquemque
1100 3231 1132 3282 et
1161 3221 1225 3282 vim
1252 3204 1254 3206 ,

186 3331 394 3417 disputationi
409 3332 526 3396 addere
548 3336 726 3398 maximam.
773 3335 826 3398 Sic
851 3345 959 3397 autem
980 3335 1126 3396 Socrates
1158 3335 1225 3418 agit

188 3445 228 3509 do
250 3458 373 3526 morto,
408 3458 444 3510 ut
473 3469 543 3510 eam
564 3448 694 3509 minimo
724 3447 844 3511 malum
872 3469 939 3510 esse
960 3447 1091 3525 doceat;
1124 3446 1225 3509 alter-

188 3573 297 3626 utrum
325 3562 410 3625 enim
438 3582 504 3624 esso
531 3560 672 3639 debere,
702 3562 752 3623 vel
778 3574 815 3624 nt
842 3573 926 3626 totus
944 3560 1226 3624 intereat'animns

188 3674 326 3760 ideoque
354 3674 461 3738 nullus
479 3673 512 3736 in
534 3686 636 3738 morte
658 3677 698 3738 sit
717 3698 844 3753 sensus,
871 3676 922 3738 vel
943 3687 980 3739 nt
999 3685 1225 3759 post-mortem

225 3947 250 4012 1)
286 3952 348 4000 Plut.
377 3953 454 4000 Polit.
481 3953 510 4000 x.
533 3970 557 4016 p.
581 3951 633 4001 609
655 3969 710 4016 sqq.
734 3954 769 4000 Cf.
792 3954 950 4002 dilectissimi
970 3952 1048 4016 putris
1074 3949 1135 3999 [nit.
1157 3950 1225 4013 phil.

190 4045 260 4094 Pur.
282 4046 337 4094 Vol.
358 4047 377 4095 l.
394 4063 418 4110 p.
436 4046 478 4096 84,
496 4063 551 4110 sqq.
566 4048 621 4095 Vol.
639 4049 685 4095 111.
699 4064 723 4111 p.
738 4047 797 4096 185.
818 4064 873 4109 sqq.
894 4073 898 4079 ,
