2648 4844
611 296 653 356 33

109 461 383 555 ὀνωμαραίνιμω,
396 467 470 542 πῶς
492 458 549 533 οὐκ
568 459 687 556 ἀνάγκη
707 469 822 535 τοῦτον
841 467 998 539 ποθεινόν
1019 465 1151 564 εἶναψ)

110 581 200 666 Erigi
218 589 385 665 praeterea
405 602 439 643 se
453 581 573 645 fatetur
593 582 769 645 Palamedis
786 575 950 669 exemplo,
966 590 1036 671 ,qui
1060 589 1151 672 inju-
1199 565 1203 584 Ι

110 707 158 758 sto
184 694 226 758 ab
253 685 363 778 Ulyiso
387 694 534 772 occisus,
568 695 676 778 plures
695 717 796 781 quam
817 695 1014 763 adversarius
1035 712 1150 765 nactus

111 806 194 872 osset
214 807 345 885 laudes,
375 818 476 892 atque
500 808 545 869 ita
563 829 653 891 spem
682 809 742 872 sibi
765 812 865 888 esse,
883 822 920 875 ut
946 833 979 873 se
991 811 1152 894 justitiam

111 942 236 1006 semper
254 921 408 998 coluisse,
439 920 587 984 omnibus
599 920 714 984 deindo
734 935 816 985 osset
835 944 1033 1006 persuasum.
1067 926 1151 990 Hinc

99 1045 249 1114 ,mortem
287 1031 454 1116 deprecari
483 1034 534 1094 vel
562 1034 719 1118 aufugere
757 1046 939 1099 constanter
970 1039 1148 1117 recusavit,

110 1148 176 1210 imo
194 1168 269 1209 vero
288 1146 369 1209 recti
388 1145 584 1208 conscientia
606 1121 644 1208 eo
657 1146 848 1225 ducebatur,
866 1149 1075 1218 utmulctam
1088 1152 1149 1235 ipsi

110 1259 251 1345 primum
278 1259 453 1343 irrogatam
485 1259 607 1320 solvere
637 1259 758 1338 nollet,
803 1260 890 1345 quod
917 1260 973 1324 illa
1000 1263 1149 1327 solvenda

109 1372 186 1437 mali
215 1393 247 1434 se
265 1371 432 1439 conscium
448 1371 545 1444 ¹fateri
570 1372 744 1438 videretur.

154 1484 316 1549 Addamus
335 1485 423 1548 hisce
441 1486 599 1570 insignem
621 1485 759 1548 Platonis
779 1485 975 1571 discipulum
994 1500 1093 1573 atque
1114 1490 1148 1552 in

108 1597 283 1673 Academia
311 1619 546 1676 successorem,
577 1596 815 1678 Xenocratem,
844 1600 901 1685 qui
924 1601 1066 1685 magistri
1093 1599 1150 1665 do·

110 1713 247 1785 utrinam
270 1733 445 1797 magnaei
466 1723 557 1794 parte
576 1713 709 1790 rotulit,
732 1733 839 1797 nequo
860 1711 999 1783 multum
1019 1712 1059 1777 ab
1078 1715 1148 1785 eius

108 1826 266 1892 sententia
286 1825 425 1891 recessit.
479 1824 573 1889 llica
600 1824 742 1909 Diogene
771 1825 898 1889 Laertio
920 1823 1043 1895 librum
1067 1822 1149 1911 recol

108 1925 254 2015 duocimo
270 1937 433 2022 scripsisse
450 1937 580 2026 dicitur,
593 1959 695 2022 quem
712 1937 809 2000 hodie
825 1938 955 2021 periisse
974 1937 1074 2002 dubio
1094 1959 1147 2002 oa-

110 2061 169 2128 ret.
208 2051 355 2121 ,Fuerunt
370 2051 478 2130 enim,
510 2051 567 2136 qui
584 2050 764 2119 Axiochum
784 2049 949 2136 dialogum
973 2049 1012 2114 de
1032 2062 1146 2131 morte,

107 2162 261 2241 Aeschini
275 2164 441 2232 sociatim
466 2164 563 2248 vulgo
583 2164 757 2241 tributum,
775 2165 963 2229 Xenocratis
984 2186 1050 2229 osse
1070 2186 1147 2229 oon-

108 2270 278 2355 tgoderent
309 2275 533 2362 eundemque,
567 2298 666 2361 quem
694 2277 839 2342 Laertius
865 2279 898 2341 in
926 2277 994 2343 eius
1015 2276 1146 2360 scriptia

108 2382 283 2468 memorat,
309 2389 372 2465 ¹sod
394 2389 509 2455 horum
531 2391 723 2469 sententiam
755 2411 867 2457 vanam
893 2409 960 2451 esse
992 2410 1030 2451 ac
1049 2389 1148 2459 nullis

107 2501 168 2575 niti
182 2503 397 2588 argumentis,
409 2503 483 2566 satis
494 2501 563 2584 jam
592 2513 785 2571 monuerunt
812 2501 872 2567 viri
899 2501 996 2567 docti.
1010 2498 1036 2587 ²)
1082 2501 1146 2566 Ge-

106 2615 244 2694 nuiouru
265 2637 340 2693 vero
359 2637 443 2700 opus
460 2627 568 2683 totum
587 2616 701 2699 periit,
725 2621 761 2678 ut
782 2614 861 2690 adeo
879 2637 923 2695 ,ire
943 2615 1046 2694 ullum
1063 2615 1146 2698 ,qui-

106 2727 181 2808 dem
207 2730 345 2813 supersit
367 2730 598 2814 fragmentum,
622 2751 660 2792 ac
683 2728 762 2795 nihil
786 2727 886 2808 daeo
906 2727 966 2791 nisi
984 2727 1028 2797 de
1050 2727 1146 2793 titulo

108 2852 243 2917 constet.
280 2841 408 2925 (loujici
428 2854 535 2909 autam
561 2853 682 2926 potest,
712 2840 775 2904 hoc
798 2862 893 2924 opere
914 2840 1146 2924 conscribendo

107 2953 394 3039 idemipsiwsuisse
425 2954 615 3033 eonsilium,
648 2952 735 3039 quod
767 2952 891 3016 Platoni
910 2953 944 3014 in
963 2951 1144 3033 Phaedone,

109 3078 144 3129 ut
173 3087 281 3130 reram
309 3042 419 3131 mortis
458 3078 604 3130 naturam
643 3065 830 3151 indagaret,
872 3070 1007 3149 eam'que
1046 3064 1146 3126 veluti

89 3170 278 3259 transitum
295 3181 328 3242 in
342 3181 437 3257 aliam
454 3200 590 3264 eamque
604 3169 778 3273 meliorem
789 3179 886 3243 vitam
904 3188 1108 3265 proponeret.
1117 3173 1144 3264 ³)

141 3443 167 3510 1)
203 3447 268 3496 Ibid.
291 3463 314 3496 o.
343 3432 374 3510 6,
408 3446 432 3494 7.
456 3448 492 3495 Cl.
514 3447 549 3494 el.
578 3445 658 3494 Geelii
683 3422 862 3509 interpretatio
887 3443 964 3510 huius
985 3442 1035 3490 loci
1056 3447 1146 3490 contro

106 3540 290 3589 Schneidcrum
309 3540 327 3601 l.
346 3541 364 3588 l.
381 3557 405 3607 p.
421 3518 446 3588 6

140 3629 167 3696 2)
203 3634 276 3682 Vidd.
296 3634 429 3697 Wyttenb.
447 3633 523 3696 Disp.
542 3632 572 3679 dc
594 3649 634 3699 ort.
661 3634 768 3680 immort.
794 3648 819 3694 p.
845 3629 915 3690 600,
938 3631 991 3676 Van
1008 3628 1039 3674 de
1063 3627 1146 3699 Wynf
1208 3693 1209 3696 Ἴ
1304 3673 1308 3683 ,

105 3741 191 3790 peroso
207 3727 282 3776 Dias.
302 3727 332 3775 de
349 3717 489 3775 Xenocrate
504 3725 673 3776 Chalcedonio
694 3743 717 3790 p.
738 3723 797 3773 194.
1281 3716 1284 3723 ’

139 3815 166 3882 3)
202 3821 370 3870 Xenocratem
395 3821 506 3868 animum
528 3821 695 3868 immortalem
722 3795 830 3879 dixisse,
862 3815 949 3864 nullus
981 3813 1145 3876 antiquorum

105 3895 211 3978 retulit,
237 3915 281 3962 aed
305 3915 377 3971 valde
396 3915 499 3962 id‘eooe
522 3913 667 3974 verisimile,
694 3911 770 3958 docet
795 3912 849 3958 Van
870 3910 902 3958 de
920 3909 1075 3971 Wynperssc
1094 3907 1111 3953 l.
1127 3907 1143 3954 l.

105 4023 131 4071 p.
143 4003 202 4054 147.

927 4090 946 4147 3
