2648 4844
696 296 740 356 90

202 490 275 541 sunt
299 488 344 540 tot
361 476 473 552 malis,
498 488 533 537 ut
553 495 661 537 revera
681 475 763 537 bona
785 497 846 537 non
872 477 934 537 sint
955 475 1102 539 dicenda.
1118 472 1144 559 1)
1181 478 1241 539 tta-

202 613 301 676 gnmn
318 592 448 674 insuper
466 590 613 652 solatium
631 591 777 671 praebet,
793 589 879 674 quod
897 589 1068 654 didicimus
1079 592 1112 651 in
1125 591 1241 653 Bacchi

201 705 378 790 mysteriis,
404 703 528 766 nullum
556 703 664 765 adesse
694 704 815 765 malum
842 703 901 781 iis,
926 704 983 788 qui
1013 725 1149 787 cor-porc
1171 717 1242 768 sunt

200 820 316 895 soluti,
340 819 479 903 ideoque
498 819 598 902 magis
620 817 770 900 prodest,
794 818 924 902 puerili,
947 839 1045 903 qnam
1067 819 1172 896 virili,
1192 841 1241 881 ae-

201 945 265 996 tate
287 943 341 995 aut
358 943 521 995 senectute
541 934 632 997 mori.
663 933 796 995 Animus
816 934 912 1009 enim,
933 934 957 994 si
976 932 1032 995 diu
1055 934 1087 994 in
1109 917 1241 1016 corpore

200 1048 279 1124 fuit,
304 1048 347 1109 ita
370 1069 443 1109 cum
467 1068 504 1108 eo
526 1046 734 1127 conjunctum
763 1058 827 1123 est,
855 1068 892 1109 ac
922 1047 1022 1109 veluti
1044 1047 1184 1123 coaluit,
1209 1059 1242 1110 ut

200 1161 316 1224 deinde
336 1184 461 1224 sursum
484 1161 592 1223 volans
615 1158 703 1222 aliud
721 1159 833 1223 subeat
850 1181 989 1244 corpus,
1013 1159 1145 1238 iisdem,
1171 1163 1242 1246 qui-

202 1277 261 1338 bus
286 1287 396 1352 antea,
429 1275 520 1338 malis
547 1285 578 1336 et
608 1273 839 1358 cupiditatibus
868 1274 1033 1339 obnoxius.
1079 1276 1140 1336 llle
1170 1297 1242 1338 vero

200 1390 346 1465 animus,
382 1389 438 1474 qni
459 1410 517 1472 per
538 1387 635 1450 breve
663 1399 789 1473 tempus
819 1409 892 1451 cnm
920 1409 1057 1471 corpore
1080 1402 1241 1466 versatus,

200 1504 337 1587 eiusque
366 1502 500 1564 maculis
542 1503 645 1564 minus
678 1502 821 1585 pollutus
854 1514 922 1580 est,
957 1501 996 1564 ad
1024 1503 1125 1580 Deos,
1160 1503 1241 1566 unde

201 1629 350 1694 venerat,
387 1616 533 1692 redicnS,
569 1639 606 1679 eo
634 1617 770 1679 celerius
804 1616 844 1678 ad
879 1618 990 1699 prioris
1023 1618 1107 1679 vitae
1137 1617 1241 1682 lucem

201 1731 356 1796 reficitur.
395 1733 477 1794 Hinc
504 1731 592 1816 leges
620 1742 693 1792 sunt
718 1731 926 1809 constitutae,
960 1752 1043 1815 quae
1067 1732 1241 1794 infantibus

201 1846 334 1908 mortuis
365 1846 495 1907 inferias
524 1844 645 1921 libare,
682 1856 844 1907 exstruere
872 1854 1099 1923 monumenta,
1125 1867 1242 1931 eosque

201 1962 313 2044 lugere
342 1969 470 2037 vetant,
504 1971 616 2042 utpote
645 1959 684 2021 ad
707 1960 870 2021 meliorem
901 1959 1107 2045 divinamque
1130 1959 1242 2023 condi-

193 2073 319 2152 tionem
341 2072 472 2136 delatos.
483 2069 509 2157 ²)

245 2189 283 2249 Et
305 2188 350 2250 sio
373 2186 503 2271 quidem
529 2187 791 2272 philosophorum
813 2190 1011 2252 Graecorum
1032 2188 1240 2251 consolatoria

200 2302 319 2384 scripta
339 2301 378 2363 de
397 2313 520 2380 morte,
546 2313 595 2380 et,
621 2301 727 2387 quoad
747 2303 895 2365 eiusfieri
908 2304 1028 2387 potuit,
1053 2314 1241 2388 argumenta

199 2415 406 2494 consolandi,
431 2416 548 2500 quibus
570 2417 658 2478 iniis
681 2417 730 2477 vol
752 2418 798 2479 usi
819 2429 910 2495 sunt,
935 2418 984 2478 vel
1005 2417 1052 2479 usi
1074 2416 1241 2494 videntur,

200 2531 429 2593 recensuimus.
471 2529 630 2614 Epicteti
655 2543 780 2609 autem,
806 2532 917 2615 quiin
942 2527 1122 2616 ἐγχειριδίῳ
1145 2554 1241 2616 argu-

198 2656 307 2706 menta
326 2643 484 2728 quaedam
503 2644 687 2706 consolandi
706 2646 832 2729 attigit,
856 2657 1025 2729 propterea
1047 2647 1241 2710 mentionem

197 2779 262 2818 non
284 2757 436 2834 fecimus,
462 2756 548 2841 quod
572 2781 650 2843 opus
669 2758 751 2820 illud
769 2760 800 2821 in
829 2760 1047 2822 consolatoriis
1069 2760 1160 2823 libris
1179 2784 1241 2824 non

197 2881 246 2932 est
263 2871 536 2951 enumerandum,
561 2872 601 2935 de
613 2866 731 2958 quibns'
741 2873 795 2936 hle
814 2875 909 2937 unice
930 2876 1063 2960 agimus.
1076 2871 1102 2960 ³)
1128 2877 1241 2961 Neque

199 2985 328 3048 libellus
356 2986 521 3063 Luciam,
542 2986 619 3070 περὶ
642 2983 787 3058 πένθους
808 2989 1001 3072 inscriptus,
1032 2987 1098 3052 huo
1121 3001 1168 3053 est
1191 3011 1240 3053 re-

197 3100 371 3177 ferendus,
396 3101 517 3185 quippe
545 3121 609 3183 quo
630 3111 741 3164 auctor
756 3123 818 3164 non
838 3103 1022 3186 lugentibus
1043 3104 1239 3187 opituletur,

201 3314 407 3323 -—-—--—-

233 3440 258 3518 1)
294 3457 361 3504 Plut.
384 3458 456 3505 Cone.
471 3457 505 3505 ad
517 3473 621 3506 naorom
637 3475 661 3522 p.
678 3457 729 3507 609
745 3461 771 3507 E.
784 3491 815 3499 -
825 3458 874 3506 611
892 3462 919 3508 lt.

232 3547 258 3613 2)
294 3552 384 3598 Bedese
400 3551 461 3599 huic
484 3552 651 3599 consolationi
670 3552 729 3600 finis
754 3554 873 3615 videtur,
896 3570 975 3616 quum
995 3570 1083 3616 purum
1099 3556 1133 3602 sit
1151 3557 1242 3618 proha-

197 3645 259 3707 bilo,
276 3646 440 3694 Plutarchum
454 3647 488 3694 ita
502 3647 642 3710 abripuisse
659 3663 815 3709 sermonem,
832 3665 916 3711 neque
936 3665 1037 3696 uxorem
1057 3665 1142 3711 suam,
1163 3657 1241 3698 utne

196 3739 281 3786 luctui
297 3756 323 3786 oe
340 3739 466 3803 traderet,
483 3742 576 3788 iterum
592 3742 669 3788 fuisse
684 3742 854 3789 adhortatum.

232 3830 257 3895 3)
294 3835 328 3881 Dc
354 3834 463 3897 Epicteti
491 3836 517 3882 in
548 3836 597 3883 hoo
621 3835 677 3883 loco
702 3836 798 3883 meritis
824 3837 873 3883 vid.
899 3838 934 3884 Cl.
963 3838 991 3884 B.
1010 3839 1032 3884 J.
1053 3853 1100 3884 van
1120 3839 1241 3901 Lcnnep,

199 3927 271 3974 Orat.
291 3927 322 3974 do
335 3930 432 3990 procel.
459 3931 528 3977 vitoe
553 3930 697 3992 praesidiis
717 3937 803 3978 contm
822 3931 878 3979 odo.
889 3931 1025 3990 fortunam
1051 3928 1130 3981 dmst.
1160 3932 1238 3982 1800.

194 4037 221 4084 p.
242 4019 274 4066 17
293 4039 348 4084 sqq.
