2648 4844
639 297 681 359 93

139 481 186 544 De
203 479 252 541 his
269 479 368 563 igitur
388 476 450 539 hoc
471 476 543 540 loco
571 477 631 538 crit
649 476 830 560 agendum,
856 487 911 553 ut,
936 477 1053 560 quibus
1075 478 1107 539 in
1134 479 1182 542 his

85 634 88 641 ι
140 593 375 658 calamitatibus
408 591 456 652 usi
489 590 550 651 sint
584 589 768 653 consolandi
803 592 1019 673 argumentis,
1056 594 1182 676 perspi-

140 685 238 772 cuum
258 705 324 770 fiat.

206 819 371 882 Senectuti
411 818 472 880 tria
509 818 707 901 potissimum
741 817 855 898 juncta
888 839 954 879 esse
994 819 1074 882 mala
1106 843 1181 883 oon-

141 934 247 1018 questi
275 943 349 995 sunt
376 930 529 1015 plurimi,
563 931 703 1014 primum
734 931 821 1015 quod
846 932 970 994 auferat
996 955 1034 996 ac
1052 955 1182 1017 prorsus

142 1048 322 1130 exstinguat
343 1044 556 1129 cupiditates,
582 1043 698 1106 deinde
718 1044 805 1128 quod
829 1057 1024 1108 contemtum
1047 1030 1183 1110 aliorum

141 1161 280 1237 excitet,
325 1157 452 1220 tandem
492 1156 578 1241 quod
608 1158 739 1241 propius
770 1158 852 1220 absit
881 1182 898 1220 a
928 1172 1040 1224 morte.
1096 1163 1183 1224 Haec

140 1274 242 1357 igitur
264 1273 347 1335 mala
370 1271 532 1348 minuere,
565 1292 669 1355 neque
701 1283 787 1334 tanta
821 1294 905 1350 esse,
931 1295 1014 1357 quac
1041 1276 1183 1359 aegritu-

141 1386 249 1448 dinem
279 1386 374 1448 animi
409 1396 645 1462 commoveant,
683 1385 850 1448 ostendere
884 1386 1077 1451 stud-uerunt
1110 1389 1181 1472 phi-

141 1499 285 1583 losophi,
307 1498 539 1562 consolantium
558 1520 691 1560 munere
713 1499 893 1583 fungentes.
931 1503 1055 1564 Primus
1077 1514 1183 1574 autern

142 1637 179 1676 ex
199 1614 237 1674 iis
252 1613 317 1675 huc
334 1614 366 1674 in
378 1635 515 1696 ¹censum
527 1614 613 1673 venit
632 1611 755 1690 Plato,
781 1615 857 1697 qui,
871 1615 1012 1698 inopere
1030 1616 1070 1679 de
1087 1639 1182 1700 repu-

142 1728 247 1804 blica,
272 1726 402 1810 Cephali
424 1748 600 1788 sermonem
621 1725 660 1787 dc
683 1737 846 1789 senectute
880 1728 987 1791 refert.
1003 1725 1029 1813 ¹)
1072 1732 1184 1815 Neque

142 1843 259 1904 mirum
290 1862 357 1901 esse
387 1850 507 1923 potest,
535 1839 710 1923 Cephalum
738 1841 935 1924 potissimum
958 1865 973 1904 a
994 1843 1184 1927 philosopho

142 1955 202 2018 hac
236 1954 276 2016 de
307 1976 340 2015 re
370 1953 529 2016 dicentem
562 1953 731 2017 inductum
765 1976 852 2032 esse,
878 1956 998 2039 quippe
1031 1958 1086 2041 qui
1117 1961 1185 2042 ipsc

143 2091 254 2145 senex,
281 2089 364 2152 quoe
389 2079 493 2129 essent
515 2079 546 2129 et
569 2069 677 2151 qualia
700 2070 872 2130 senectutis
892 2069 991 2147 mala,
1016 2073 1134 2154 optime
1154 2085 1185 2136 et

143 2185 225 2246 scire
251 2193 282 2244 et
315 2181 430 2243 docere
461 2191 582 2265 posset,
609 2204 672 2266 qua
701 2183 733 2242 in
753 2204 787 2243 rc
808 2181 893 2244 haud
914 2182 1058 2246 discessit
1077 2208 1093 2247 a
1114 2187 1185 2250 Pla·
1262 2191 1264 2198 '

144 2307 217 2359 tone
245 2317 301 2357 suo
331 2294 463 2373 Cicero,
499 2295 615 2377 primas
646 2297 679 2356 in
703 2294 786 2357 libro
818 2295 858 2357 de
880 2308 1053 2359 senectute
1080 2311 1187 2382 partes

144 2411 211 2471 seni
240 2409 351 2472 Catoni
375 2408 530 2503 tribuens.
544 2403 572 2493 ²)
617 2409 732 2493 ltaque
754 2408 911 2493 Cephalus
936 2433 953 2472 a
980 2411 1110 2475 Socrate
1132 2416 1186 2477 in-

144 2534 346 2607 terrogatus,
372 2521 476 2605 qualis
496 2523 555 2605 ipsi
581 2521 726 2585 videatur
740 2535 913 2602 senectus,
939 2547 1032 2609 saepe
1055 2548 1087 2590 se
1108 2550 1185 2592 cou-

146 2637 265 2697 venisse
283 2637 327 2696 ait
346 2635 422 2697 alios
443 2658 550 2712 seneS,
576 2637 632 2720 qui
650 2638 732 2727 vitae
760 2637 976 2721 voluptatibus
996 2658 1029 2700 se
1047 2642 1187 2723 privatos

145 2773 213 2813 esso
231 2761 262 2811 et
281 2773 297 2812 a
318 2749 529 2814 familiaribus
547 2751 689 2813 ludibrio
701 2751 812 2815 haberi
825 2765 1116 2837 conquererentur,
1131 2779 1186 2818 ne-

145 2887 209 2949 que
226 2864 322 2925 vitam
346 2862 407 2926 hac
428 2866 549 2927 ratione
567 2864 693 2940 vitalem
711 2887 776 2926 esse
797 2867 1023 2930 existimarent.
1047 2869 1089 2932 At
1111 2892 1186 2934 vero

143 2977 211 3054 illi,
237 2978 282 3040 sic
313 2979 438 3062 pergit,
464 2999 526 3040 non
555 2976 661 3040 ieram
685 2979 730 3040 rei
761 2999 903 3040 caussam
930 2979 1087 3058 afferunt,
1113 3003 1185 3045 nam

145 3093 170 3154 si
193 3102 339 3153 senectus
367 3091 432 3153 sola
462 3102 542 3153 esset
576 3090 869 3180 hornmmalorum
892 3092 1053 3170 effectrix,
1078 3116 1189 3157 ornnes

144 3205 183 3266 iis
208 3215 451 3288 premerentur,
478 3205 676 3288 quicumque
699 3204 737 3267 nd
768 3228 837 3266 eam
859 3217 993 3268 aetatem
1022 3209 1186 3289 pervenis-

145 3330 227 3385 sent.
262 3318 324 3380 Sed
355 3340 428 3380 vera
459 3339 570 3380 caussa
603 3319 634 3379 in
668 3316 832 3380 hominum
864 3321 1005 3382 moribus
1027 3315 1189 3400 latet3‘iiv

116 3465 122 3468 -
144 3428 202 3509 μὲν
224 3421 285 3515 γὰρ
308 3419 435 3509 κόσμιοι
458 3427 510 3490 καὶ
534 3420 658 3492 abactor
682 3417 756 3506 olor,
785 3427 838 3490 καὶ
864 3421 902 3492 τό
925 3431 1025 3516 γῆρας
1047 3430 1187 3516 μετρίως
1207 3431 1212 3435 ’

145 3537 231 3604 ἐστὶν
258 3538 431 3604 ἐπίπονον·
457 3536 487 3600 εἰ
514 3537 548 3601 δὲ
576 3533 634 3625 μή,
658 3537 709 3601 καὶ
733 3539 833 3624 γῆρας
855 3537 906 3601 καὶ
930 3531 1187 3628 νεότης·χαλεπὴ

181 3836 207 3901 1)
243 3839 306 3888 snt
328 3841 405 3885 notu.
427 3857 450 3902 p.
467 3838 525 3886 aas.

181 3931 206 3994 2)
243 3933 299 3979 vid.
329 3933 375 3980 hac
399 3933 431 3979 de
453 3949 480 3980 rc
511 3933 563 3983 Van
586 3932 632 3978 der
649 3933 819 4009 TonsComm.
842 3933 868 3979 in
894 3933 959 3982 Anu.
989 3933 1065 3981 Acad.
1094 3935 1183 3983 horon.

146 4024 215 4074 1820
226 4058 256 4064 -
269 4023 332 4072 1821
352 4042 375 4087 p.
393 4024 434 4072 15.
