2648 4844
626 329 664 389 31

131 509 280 595 quidem,
299 509 344 570 sie
357 506 479 590 pergit,
499 526 674 591 numquam
691 505 877 591 persuaderi
895 508 1016 590 potuit,
1034 509 1167 587 animos,

130 621 264 685 dum‘in
286 619 473 703 corporibus
493 631 596 682 essent
615 621 821 699 mortalibus,
844 621 966 698 vivere,
995 643 1070 684 eum
1086 624 1167 686 exis·
1260 701 1265 706 Ι

130 735 328 810 semeriis,
350 733 469 810 emori,
494 753 553 795 neo
575 754 650 795 vero
677 744 746 795 tum
763 736 904 796 animum
928 755 995 797 esse
1016 712 1168 818 insipien·

130 860 213 926 tem,
238 868 313 910 oum
332 867 368 909 ex
386 847 551 929 insipienti
570 867 705 930 corpore
725 849 888 926 evasisset,
912 848 967 912 sed
987 850 1166 911 cumomni

130 961 326 1025 admixtione
345 961 488 1044 eorporis
507 960 679 1037 liberatus,
701 983 800 1044 purus
820 973 852 1024 et
862 963 988 1047 integer
1006 985 1073 1025 esse
1092 984 1165 1026 eoe-

131 1076 252 1161 pisset,
280 1085 350 1137 tum
373 1095 439 1135 esse
461 1074 647 1157 sapientem.
690 1077 797 1159 Atque
819 1076 914 1138 etiam
935 1099 1010 1139 oum
1032 1072 1168 1140 hominis

130 1200 246 1251 natura
269 1199 372 1250 morte
394 1187 597 1264 dissolvitur,
630 1200 939 1277 ceterarumlrerum
962 1191 1168 1274 perspicuum

132 1314 180 1365 est
202 1321 439 1386 qu0·quaeque
463 1300 645 1380 diseedant3
679 1302 799 1365 abeunt
825 1304 910 1365 enim
936 1304 1017 1367 illue
1043 1305 1167 1381 omnia,

131 1414 218 1478 unde
240 1423 310 1477 orta
331 1425 423 1493 sunt;
458 1415 581 1476 animus
603 1426 711 1477 autem
732 1416 836 1495 solus,
868 1438 927 1480 nee
957 1439 1032 1480 eum
1061 1417 1168 1495 adest,

132 1549 193 1592 nee
214 1550 290 1591 eum
311 1526 465 1606 discedit,
488 1540 631 1612 apparet.
645 1524 671 1614 ¹)
702 1517 880 1615 Έννοὴσατε
902 1526 951 1608 dd,
974 1522 1024 1593 ὅτι
1047 1519 1171 1614 ἐγγύτε-

132 1661 190 1726 ρον
210 1637 268 1720 μὲν
287 1638 336 1722 τῷ
357 1629 556 1725 οἷνθρωπίνῳ
581 1629 713 1722 θανάτῳ
737 1631 830 1703 οὐδέν
851 1634 936 1702 ἔστιν
956 1632 1069 1703 ὕπνοο·
1092 1631 1111 1726 ἡ
1134 1638 1171 1704 δὲ

131 1749 192 1814 τοῦ
214 1739 394 1836 ανθρώπου
413 1743 505 1838 ψυχή
525 1739 602 1814 τότε
623 1740 729 1837 δήπου
751 1739 907 1835 θειοτάτη
928 1747 1169 1837 καταφαίνεται,

131 1859 186 1924 καὶ
205 1850 282 1925 τότε
301 1884 334 1924 τι
354 1861 419 1924 τῶν
439 1850 620 1942 μελλόντων
642 1861 784 1947 προορᾷ·
806 1850 881 1924 τότε
902 1852 979 1948 γαρ,
1003 1851 1048 1934 ως
1070 1853 1169 1939 lbos,

132 1960 272 2051 μα’],ιστα
293 1969 534 2058 ἐλευθεροῦται.
573 1974 642 2037 Ηοο
663 1974 764 2058 igitur
785 1974 884 2058 Cyrus
906 1985 938 2035 et
959 1973 1019 2036 sibi
1040 1995 1171 2058 persua·

133 2104 204 2146 sum
222 2082 320 2147 habet
339 2095 371 2148 et
390 2085 460 2148 aliis
478 2062 672 2169 persuadere
691 2098 843 2165 eonatur,
866 2087 993 2176 nullum
1013 2088 1047 2150 in
1068 2098 1171 2152 morte

132 2217 200 2260 esse
219 2197 359 2275 malum,
382 2198 469 2284 quod
489 2198 606 2263 diserte
626 2200 741 2264 deinde
757 2200 913 2279 ostendit,
938 2222 1040 2286 quum
1061 2202 1171 2264 Persas

132 2310 173 2374 ad
192 2311 355 2375 tumulum
370 2335 465 2377 suum
481 2316 671 2399 congregari
682 2314 796 2397 jubeat
813 2311 1075 2400 σονησθημένοος
1089 2310 1171 2392 ἐμοὶ,

133 2436 172 2488 ut
189 2425 256 2510 ipse
271 2417 339 2504 ait,
358 2416 410 2490 ὅτι
431 2422 463 2490 ἐν
484 2425 532 2508 τῷ
555 2417 700 2513 ἀσφαλεῖ
719 2417 780 2512 ἤδη
803 2418 933 2506 ἔσομαι,
957 2417 1001 2496 ως
1022 2420 1121 2509 μηδὲν
1134 2415 1173 2486 tls

133 2531 182 2600 ἔτι
202 2528 298 2602 κακον
318 2540 455 2616 παθεῖν,
477 2526 558 2624 μήτε
579 2528 616 2624 ἢν
636 2527 719 2617 μετὰ
733 2535 793 2601 τοῦ
808 2526 905 2600 deleo
921 2532 1074 2618 γένωμαι,
1092 2523 1173 2622 μήτε

134 2639 172 2734 ἢν
192 2645 292 2734 μηδὲν
313 2642 361 2712 ἔτι
383 2636 439 2739 ὦ.)

143 2743 154 2760 ”
178 2761 290 2844 Neque
309 2761 344 2829 in
358 2761 552 2846 Cyropaedia
570 2772 713 2839 tantum,
726 2782 839 2823 rerum
856 2761 950 2822 etiam
967 2760 1001 2821 in
1016 2758 1172 2844 Apologia

134 2874 275 2956 Socratis
290 2874 409 2958 optima
429 2895 577 2959 quaeque
597 2873 780 2937 consolandi
796 2884 984 2957 argumenta
1001 2871 1098 2934 tradit
1108 2874 1172 2935 Xe-

135 2985 274 3070 nophon.
310 2987 406 3068 Quod
429 2999 535 3051 tamen
558 2987 729 3070 seriptum,
753 2997 823 3069 post
845 2984 1116 3061 Valckenarium,
1139 2985 1172 3046 in

135 3101 245 3184 primis
257 3100 472 3164 Schneiderus
485 3113 516 3164 et
527 3101 742 3165 Delbruekius
754 3099 958 3184 Xenophonti
969 3094 1173 3180 abjudicare·
1252 3112 1256 3121 ’

136 3227 228 3293 runt,
251 3226 441 3300 argumento
459 3216 657 3299 potissimum
674 3215 749 3277 inde
768 3215 887 3298 petito,
909 3213 995 3298 quod
1007 3212 1108 3275 multa
1118 3213 1173 3275 ille

135 3328 265 3391 libellus
282 3329 460 3407 contineat,
479 3351 561 3414 quae
576 3329 610 3390 in
626 3340 786 3412 postremo
803 3327 1056 3390 Memorabilium
1069 3326 1174 3410 eapite

135 3442 357 3521 inveniantur,
388 3454 486 3528 atque
507 3443 582 3505 inde
603 3442 643 3505 ab
664 3441 893 3525 interpolatore
915 3440 1060 3503 desumta
1081 3439 1174 3503 vide-

136 3566 243 3620 antur.
269 3555 332 3618 Sed
355 3577 522 3641 perperam
545 3577 596 3618 eos
616 3556 762 3618 statuisse
785 3576 887 3638 nuper
910 3554 1020 3617 docuit
1042 3553 1173 3618 Geelius

137 3667 246 3747 V.cl.‚
265 3670 321 3755 qui
340 3682 451 3733 eontra
470 3670 620 3732 ultimum
639 3669 891 3732 Memorabilium
914 3679 1011 3751 eaput
1029 3689 1066 3728 er
1085 3670 1174 3749 Apo-

220 3850 338 3857 --.——-

172 3949 196 4011 l)
233 3955 319 4002 Seeuti
338 3971 423 4003 sumus
439 3956 675 4018 interpretationem
687 3955 763 4000 baina
782 3953 845 4015 loei,
862 3968 938 4014 quam
956 3952 1032 3998 tradit
1046 3951 1174 3998 Cieerode

137 4047 235 4094 Seneet.
255 4065 277 4095 o.
292 4047 333 4096 22.
