2648 4844
682 326 746 386 tto

196 528 285 588 citari
317 547 421 611 neque
449 527 571 609 restitui
601 537 741 608 queant,
772 537 805 586 ut
837 525 955 587 lactum
985 526 1142 588 infectum
1162 526 1235 587 red-

195 638 273 701 dcre
295 660 334 699 ne
354 639 479 721 tupiter
499 637 628 722 quidem
659 639 779 721 possit,
807 637 966 700 docebant
994 661 1110 722 porro,
1134 661 1235 724 aequo

195 754 301 816 animo
319 750 448 813 serenda
475 771 543 813 esse
567 750 669 826 mala,
700 773 801 836 quum
822 752 961 814 lacrimis
980 763 1010 812 et
1032 752 1235 815 lamentatio·

197 866 289 929 nibus
308 887 369 927 non
384 864 480 926 modo
499 864 576 927 nilril
594 864 816 948 proficiamus,
834 865 888 927 sed
911 876 1021 927 contra
1043 876 1161 927 sortem
1183 890 1235 928 no

196 991 291 1043 strarn
309 980 404 1041 etiarn
422 980 634 1042 infeliciorem
656 979 833 1041 reddamus.
860 980 931 1041 Huc
946 989 1091 1062 spectant
1108 982 1233 1064 egregia

195 1094 249 1156 illa
271 1093 388 1169 rerba,
417 1093 535 1177 quilius
555 1092 594 1155 ad
614 1092 844 1155 consolandum
872 1093 1058 1155 Ciceronem
1084 1115 1161 1155 usus
1192 1106 1235 1156 est

195 1207 366 1291 Sulpicius:
392 1255 414 1285 „
425 1206 468 1269 Ex
488 1208 560 1269 Asia
575 1206 699 1268 rediens
710 1256 719 1283 ,
731 1209 791 1282 ait,
804 1228 877 1269 curu
894 1205 936 1269 ab
946 1208 1066 1290 Aegina
1077 1208 1233 1291 ,liegararu

196 1343 304 1385 versus
325 1323 523 1405 navigarem,
545 1322 636 1404 coepi
654 1322 798 1405 regiones
814 1321 1024 1384 circumcirca
1041 1321 1232 1404 prospicere.

196 1435 268 1498 Post
288 1457 338 1496 me
360 1444 428 1496 erat
445 1433 585 1518 Aegina,
605 1445 679 1496 ante
697 1436 842 1519 Megara,
861 1433 971 1496 dextra
991 1434 1141 1510 Piraeus,
1163 1435 1233 1495 sini—

196 1558 257 1610 stra
277 1545 462 1623 Corinthus;
488 1569 571 1633 quae
592 1547 728 1632 oppida,
753 1547 891 1631 quodam
920 1558 1080 1631 tenrpore,
1115 1546 1234 1609 floren-

197 1661 312 1724 tissima
340 1662 492 1740 suerunt,
533 1683 617 1724 nunc
645 1673 799 1746 prostrata
829 1673 860 1724 et
889 1661 993 1724 diruta
1023 1671 1097 1722 ante
1127 1662 1233 1724 oculos

194 1778 310 1857 jacent.
353 1776 449 1859 Coepi
475 1787 601 1861 egomet
632 1796 757 1838 meeum
784 1777 829 1838 sic
851 1777 1012 1860 cogitare:
1046 1776 1146 1837 liernl
1183 1796 1233 1836 nos

196 1889 382 1952 homunculi
400 1888 622 1975 indignamur,
641 1890 665 1951 si
687 1891 758 1974 quis
781 1890 922 1951 nostrdm
942 1890 1084 1966 interiit,
1107 1900 1162 1951 aut
1183 1909 1232 1950 oc-

195 2004 278 2067 cisus
296 2013 359 2081 est,
381 2023 518 2087 quorum
539 2005 602 2066 rita
619 2004 746 2066 brevior
765 2025 832 2064 esse
849 1978 966 2080 debet,
987 2024 1061 2066 eum
1081 2023 1145 2064 uuo
1166 2002 1232 2064 loco

196 2125 241 2178 tot
261 2114 413 2199 oppiddm
429 2115 581 2180 cadavera
600 2129 742 2201 proecta
754 2116 907 2198 jaceant?
930 2117 1027 2182 Visne
1044 2127 1078 2178 tu
1096 2126 1144 2192 te,
1163 2115 1232 2177 Ser-

196 2230 241 2306 ti,
261 2229 432 2308 cohibere,
452 2242 483 2293 et
499 2230 698 2308 meminisse,
720 2230 880 2294 hominem
898 2241 928 2291 te
946 2252 1012 2291 esse
1029 2230 1196 2292 natuml'’
1208 2226 1229 2312 ¹)

194 2342 262 2406 Hoc
283 2354 390 2406 auteur
411 2356 602 2428 argumento
624 2346 656 2405 in
679 2346 789 2428 primis
812 2346 859 2407 usi
883 2356 956 2407 sunt
979 2344 1101 2420 Stoici,
1134 2343 1229 2427 idque

192 2456 447 2519 efficacissimum
471 2457 652 2520 habuerunt
675 2456 713 2520 ad
736 2456 962 2542 deponendum
986 2455 1152 2533 dolorem;
1178 2478 1231 2517 ne-

159 2659 168 2676 Ι
193 2590 258 2655 quc
277 2570 358 2633 illud
378 2570 447 2633 aliis
467 2570 666 2655 displicuisse
689 2570 904 2654 philosophis,
928 2570 1002 2632 inde
1023 2580 1126 2654 patet,
1148 2567 1229 2654 quod

194 2684 340 2769 plerique
362 2686 393 2746 in
416 2684 687 2746 consolationibus
709 2682 789 2746 illud
813 2686 956 2767 recipere
988 2684 1071 2746 haud
1103 2683 1231 2745 dubita-

192 2798 304 2860 verint.
327 2796 398 2881 lpcc
421 2797 500 2861 adeo
520 2798 633 2863 Cicero
653 2798 732 2862 haec
755 2798 795 2862 de
815 2799 871 2860 illo
892 2799 1031 2882 profert:
1057 2797 1230 2875 ‚,etiamsi,

191 2911 258 2989 ait,
283 2910 363 2975 hacc
382 2913 482 2975 oratio
504 2911 543 2975 de
563 2913 629 2997 ipsa
652 2899 774 2977 summa
797 2912 871 2975 mali
896 2912 974 2975 nihil
996 2911 1163 2988 detrahat;
1188 2923 1230 2974 ta·

191 3046 263 3089 men
286 3026 454 3089 necessitas
471 3026 622 3089 ferendae
641 3026 832 3090 conditionis
851 3026 1026 3105 humanae,
1049 3027 1139 3112 quasi
1159 3047 1230 3088 curn

191 3140 252 3203 deo
286 3160 429 3225 pugnare
462 3139 633 3224 prohibet,
664 3140 879 3226 admonetque
907 3163 973 3203 csse
994 3135 1228 3224 honrinern.'’2)

192 3253 224 3315 Si
243 3258 380 3330 autern,
415 3253 493 3337 quid
526 3252 566 3316 dc
597 3254 658 3317 hac
687 3255 808 3317 solandi
839 3256 961 3318 ratione
984 3255 1157 3318 dicendum
1177 3256 1229 3330 sit,

192 3368 341 3452 quaeris,
374 3364 434 3430 lioc
454 3379 579 3431 tanturn
598 3370 656 3452 ipsi
680 3369 887 3432 tribuendum
911 3369 1058 3447 videtur,
1092 3369 1178 3453 quod
1203 3379 1231 3429 et

192 3481 307 3565 culpae
327 3481 553 3566 cogitationem
574 3481 720 3546 detrahat
739 3494 770 3545 et
794 3484 884 3546 tollat
906 3483 1088 3567 opinionem
1109 3482 1149 3544 de
1169 3484 1230 3545 sor·

192 3607 288 3659 tunae
310 3594 476 3677 injustitia.
518 3596 612 3659 Nulla
636 3609 682 3659 est
703 3598 785 3660 enirn
809 3599 921 3681 culpa,
943 3618 1044 3682 quum
1066 3595 1120 3674 id,
1146 3594 1230 3681 quod

228 3948 252 4008 ¹l
288 3951 338 3998 Cic.
357 3950 441 4012 Eprio&
460 3949 494 3996 nd
511 3951 580 3997 Fam.
596 3950 611 3998 l.
630 3951 671 3996 tv.
687 3952 730 4013 Ep.
742 3948 766 3996 5.

227 4039 252 4104 2)
288 4044 338 4094 cto.
356 4046 429 4094 Tuae.
449 4045 478 4102 Q.
500 4044 544 4094 lll.
564 4042 604 4093 28.
622 4048 649 4090 et
664 4042 705 4093 25.
