2648 4844
652 294 692 352 52

154 476 308 560 scriptore
319 495 432 558 magna
445 474 528 535 inter
545 473 628 534 viros
646 470 756 534 doctos
776 470 927 532 dissensio
939 482 996 535 est.
1019 470 1083 533 Alii
1095 472 1187 549 enirn,

154 591 344 665 utFicinus,
365 586 536 650 Xenocrati
548 585 782 661 Chalcedonio,
806 584 858 647 alii
872 583 995 648 Platoni
1015 585 1104 646 bunc
1123 584 1187 648 dia·

152 705 261 789 logum
285 703 485 779 tribuerunt,
512 700 565 762 alii
586 721 694 761 rursus
715 697 892 791 Aniochum
912 698 1131 762 existimarunt
1150 700 1187 762 ab

151 817 308 882 Aeschine
319 815 483 879 Socratico
495 835 561 877 esse
572 814 744 896 scriptum,
755 813 905 896 quoniam
918 813 1078 892 Laertius,
1091 814 1186 877 Athe·

152 908 249 992 naeus
261 941 292 992 et
303 928 533 1012 Harpocration
548 928 610 989 tale
622 948 701 1009 opus
713 927 752 988 ab
765 947 802 988 eo
814 937 976 988 exaratum
993 948 1060 988 esse
1072 926 1187 990 diserte

152 1043 293 1107 tradunt.
316 1044 525 1105 Horumvero
542 1040 682 1124 opinioni
704 1038 829 1102 obstare
848 1039 997 1102 dixerunt
1016 1040 1089 1119 alii,
1102 1041 1186 1126 quod

153 1157 248 1220 verba
267 1167 299 1219 et
317 1158 503 1232 sententiae,
526 1175 642 1238 quaea
662 1153 794 1215 Polluce
814 1164 845 1215 et
861 1153 1024 1216 Athenaeo
1045 1154 1187 1218 afferun-

152 1282 215 1348 tur,
231 1271 264 1332 in
275 1270 436 1347 Axiocho,
454 1268 511 1353 qui
527 1267 621 1330 hodie
638 1277 755 1344 exstat,
776 1288 840 1329 non
852 1267 1067 1334 inveniantur.
1082 1264 1108 1353 ¹)
1127 1271 1186 1332 Ne-

152 1406 215 1468 que
238 1394 361 1446 tantum
380 1383 485 1447 variae
511 1382 644 1444 fuerunt
671 1380 810 1443 virorum
831 1379 1002 1444 'doctorum
1024 1381 1064 1444 de
1086 1383 1187 1446 libelli

152 1498 246 1559 huius
268 1498 444 1580 scriptore,
479 1495 533 1557 sed
564 1495 658 1556 etiarn
678 1491 717 1554 de
736 1494 805 1576 ipso
834 1494 962 1580 dialogo
989 1498 1185 1576 sententiae,

152 1621 187 1673 ut
217 1610 420 1674 Casaubonus
444 1630 515 1673 cum
540 1609 580 1672 ab
613 1610 860 1690 antiquissimo
884 1622 914 1670 et
930 1607 1186 1694 facundissimo

150 1727 317 1807 scriptore
338 1724 519 1806 profectum
548 1720 778 1808 affirmaret,2)
813 1723 997 1786 llleinersius
1021 1736 1132 1787 contra
1154 1727 1185 1786 in

132 1837 291 1899 ‘Ariocho
321 1835 399 1897 nihil
422 1835 515 1913 honi,
547 1836 625 1898 nihil
645 1836 807 1899 mediocre
826 1837 948 1913 inesse,
986 1857 1023 1899 ac
1047 1819 1186 1920 porten-

152 1963 263 2013 tosum
282 1949 448 2012 re'usmode'
463 1952 633 2032 seriptum
651 1974 671 2012 a
689 1950 833 2013 barbaro
851 1962 996 2028 tontum,
1016 1952 1071 2012 vel
1086 1956 1186 2015 semi·

150 2062 293 2125 barbaro
322 2063 454 2124 homine
480 2066 621 2124 exarari
644 2066 798 2146 potuisse
823 2063 1040 2128 contenderet.
1055 2061 1080 2148 ⁸)
1123 2068 1184 2129 Nos

144 2174 278 2260 quidem
310 2174 393 2238 hanc
423 2175 536 2253 litem,
564 2199 580 2237 a
604 2177 696 2238 tantis
727 2177 801 2238 viris
829 2177 1004 2259 agitatam,
1034 2177 1185 2244 dirimere

149 2310 210 2350 non
230 2288 401 2366 audemus,
436 2289 490 2351 sed
513 2290 664 2352 exstitisse
687 2291 861 2366 miramur,
896 2291 950 2373 qui
973 2289 1060 2355 hunc
1079 2293 1183 2358 dialo-

148 2424 224 2487 gum
256 2425 274 2466 a
306 2402 444 2486 sophista
478 2403 617 2488 quodam
647 2404 829 2486 posterioris
860 2404 969 2466 aetatis
1000 2406 1182 2470 conlectum

146 2516 340 2594 existiment3
364 2536 502 2600 qnorum
520 2517 692 2605 sententiae
708 2517 870 2578 calculum
891 2517 1032 2596 adjicere
1052 2521 1182 2583 minime

146 2650 322 2713 possumus.
370 2628 538 2709 Quomodo
560 2630 662 2707 enirn,
686 2650 824 2714 quaeso,
848 2630 985 2714 sophista
1008 2632 1180 2726 Prodicum

145 2736 294 2804 irrideret
325 2743 430 2828 deque
453 2765 490 2834 ep
523 2743 685 2830 Socratem
708 2744 867 2807 dicentem
886 2746 1028 2808 faceret:
1059 2752 1180 2833 προῖκα

144 2967 349 2976 ———---—-

142 3091 316 3139 tantummodo
334 3096 573 3151 commemoratum,
594 3091 723 3138 Achaeum
741 3097 768 3139 et
786 3092 962 3155 Epicharmum
979 3093 1072 3155 semel,
1092 3095 1180 3142 Hesio·

142 3182 202 3228 dum
220 3183 260 3230 his
276 3190 302 3230 et
313 3184 449 3231 Pindarum
468 3185 560 3231 sexies:
580 3185 648 3232 unde
668 3186 734 3233 haud
757 3186 865 3233 absurde
883 3187 1029 3249 concludit,
1056 3188 1177 3251 pleraque

142 3275 242 3339 Homeri
261 3281 287 3323 et
305 3276 431 3339 Euripidis
449 3277 504 3325 loca
518 3279 683 3326 Plutarchum
694 3281 807 3327 Crantori
823 3279 949 3342 debuisse,
966 3280 1059 3343 quibus
1081 3283 1177 3346 quippe

140 3368 182 3415 bic
202 3370 357 3430 potissimum
375 3368 555 3420 delectaretur.

176 3460 200 3525 l)
237 3465 272 3512 lle
292 3466 366 3511 ratiis
389 3466 499 3513 virorum
519 3466 651 3513 doctorum
669 3467 699 3513 de
715 3467 826 3514 Aniocho
845 3468 979 3515 sententiis
995 3469 1044 3515 rid.
1065 3469 1176 3517 Fischeri

135 3544 226 3620 'Epist
253 3556 287 3604 ad
313 3558 487 3604 combardum
514 3559 539 3605 in
569 3559 634 3606 Edit.
661 3561 707 3607 lll.
725 3561 857 3607 Aeschinis
875 3577 888 3607 a
908 3562 1025 3610 Fischero
1043 3571 1130 3609 curata
1151 3579 1175 3625 p.

39 3627 49 3637 Ι
70 3699 72 3702 ,
141 3647 199 3696 193,
220 3665 276 3713 sqq.
295 3651 329 3698 Cf.
351 3650 472 3697 Welcker
492 3653 620 3700 Proditus
637 3669 690 3700 corn
700 3655 768 3700 Keos
788 3671 811 3717 p.
823 3653 882 3701 612.

173 3739 198 3804 2)
233 3744 393 3792 casaubonus
411 3745 445 3791 ed
460 3744 579 3795 Antonin.
595 3745 619 3793 9.
641 3763 664 3809 p.
677 3744 736 3806 413,
756 3764 833 3809 quem
849 3748 935 3795 laudat
944 3749 1076 3797 Fischerus
1087 3751 1174 3812 Epist.

137 3834 172 3882 ad
189 3836 280 3883 Gemite.
294 3854 317 3900 p.
337 3837 396 3886 196.

171 3925 197 3989 3)
232 3930 339 3978 lleiners
348 3931 483 3978 Iudicium
499 3933 529 3978 de
547 3934 698 3995 quibusdum
715 3937 905 3998 Socraticorum
914 3936 1038 3997 reliquiis
1049 3936 1173 3984 incudem

135 4021 246 4069 Fischeri
264 4023 325 4070 edit.
346 4039 370 4086 p.
390 4023 431 4072 39.
452 4040 506 4086 sqq.
622 4093 624 4097 Ι
