2648 4844
617 396 636 453 5

103 573 226 638 civitati
254 569 417 648 adimere,
448 570 554 655 quoad
584 570 653 633 fieri
675 581 803 655 posset,
839 573 996 636 tristitiam
1026 597 1144 660 eosque
1245 597 1247 600 ⁴

101 688 142 752 ad
172 685 270 750 animi
291 683 553 770 aequabilitatem
575 684 731 748 reducere
753 684 932 751 studebant.
953 683 991 772 ¹).
1027 687 1143 754 Conso.

101 803 254 866 lationem
265 810 371 862 autem
390 799 601 883 praecipuum
613 820 723 861 earum
742 800 1049 883 propositumfuisse
1068 802 1144 866 inde
1208 818 1212 825 ’

102 935 234 1002 quoque
273 924 372 998 patet,
408 911 494 997 quod
525 912 677 975 sermonis
710 912 941 976 consuetudine
971 903 1062 998 λόγοι
1080 939 1154 995 πα,

101 1025 314 1119 ραμοθητικοὶ
340 1036 518 1104 vocantur,
541 1037 578 1089 ut
600 1037 688 1089 notat
710 1026 843 1089 Pollux:
867 1016 974 1112 Λόγοι
1005 1018 1031 1092 d
1060 1025 1146 1116 ἐρεῖς

100 1135 373 1228 παραμοθητικοὶ,
397 1135 631 1225 παρηγορικοὶ,
654 1135 927 1223 παρηγορητικοὶ,
951 1137 1143 1217 νοοθετικοὶ,

101 1245 355 1338 σωφρονισταοὶ
375 1247 429 1311 καὶ
450 1239 609 1330 τιέὅριοια·
621 1245 705 1334 ἐρεῖς
724 1243 760 1310 δὲ
779 1244 832 1309 καὶ
852 1238 943 1331 λόγοι
962 1239 1142 1334 ἐπιτάφιοι,

99 1352 286 1449 ἐπαιὴδειοι,
316 1355 453 1442 ἐλεγεῖα,
484 1348 720 1445 ἐπιγράμματα.
742 1358 768 1445 ²)
804 1360 923 1444 Sponte
953 1371 1060 1423 autem
1090 1360 1143 1425 hic

100 1474 280 1558 unicuique
315 1471 355 1534 ob
385 1482 524 1533 mentem
554 1465 698 1535 versatur
728 1473 893 1557 praeclara
923 1473 978 1537 illa
1010 1457 1143 1537 Periclis

100 1585 187 1673 apud
204 1585 426 1672 Thucydidem
448 1585 592 1648 funebris
615 1587 734 1666 oratio,
769 1599 915 1650 nontam
937 1589 1074 1651 oratoria
1095 1589 1142 1653 la·

100 1701 241 1780 cultata,
264 1722 329 1786 qua
341 1699 425 1762 cives
444 1720 503 1784 pro
526 1699 629 1782 patria
648 1711 789 1763 mortuos
801 1699 930 1778 laudat,
945 1686 1042 1785 quarn
1055 1693 1140 1780 arte,

101 1838 165 1902 qua
184 1813 341 1900 populum
359 1813 587 1879 Atheniensem
604 1824 636 1875 et
651 1813 878 1877 defunctorum
890 1825 1048 1898 parentes,
1062 1815 1141 1878 libe-

101 1936 152 1993 ro's
169 1941 206 1992 et
226 1929 341 1991 fratres
357 1948 461 2012 aequo
474 1948 541 1989 csse
560 1927 665 1989 animo
677 1927 888 2006 adhortatur,
912 1951 976 1991 una
987 1929 1020 1990 in
1029 1931 1141 2013 paucis

98 2043 242 2128 insignis.
267 2038 292 2128 θ)
326 2039 478 2124 Ejusdem
502 2040 628 2125 generis
650 2051 697 2104 est
729 2063 803 2104 cnm
826 2042 927 2104 oratio
959 2042 1044 2125 apud
1069 2042 1141 2108 Pla-

98 2166 206 2222 tonem
225 2158 259 2220 in
280 2157 453 2220 Menexeno
472 2164 504 2216 et
515 2155 663 2218 Isocratis
676 2156 776 2219 oratio
795 2156 828 2217 in
850 2156 1045 2241 Evagoram‚
1070 2167 1139 2220 tum

97 2270 243 2336 Aristidis
266 2271 365 2334 oratio
387 2270 444 2333 lll.
469 2263 517 2340 εἰς
537 2257 690 2331 ‘Euadnen
715 2247 910 2355 ἐπικήδειος,
938 2279 969 2331 et
991 2269 1063 2334 XII.
1091 2258 1139 2332 ἐπ’

98 2372 299 2468 Ἀλεξάνδρῳ
310 2371 495 2468 ἐπιτάφιος,
504 2390 571 2443 tum
581 2401 664 2464 qnae
675 2381 824 2444 feruntur
837 2381 1017 2444 nominibus
1028 2383 1137 2467 Lysiae

102 2493 472 2573 etDemosthenis,·illius
484 2492 615 2579 quidem
625 2481 801 2579 ἐπιτάφιος
809 2492 952 2565 solornis
960 2490 1142 2580 Κορινθίων

100 2610 252 2694 βοηθοῖς,
263 2607 360 2672 huius
368 2628 444 2671 vero
457 2607 569 2685 oratio,
577 2628 641 2692 qua
651 2627 687 2667 ex
700 2604 822 2700 solenni
834 2626 921 2669 more
931 2605 1140 2669 Athenienses

131 2933 157 3000 1)
192 2937 267 2984 llune
289 2947 386 2984 morem
410 2934 529 2983 laudandi
554 2933 690 2981 defunctos
717 2933 811 2979 milites
837 2932 1007 2981 Athenienses
1031 2932 1063 2980 ab
1091 2932 1140 2982 Ae·

31 3087 32 3090 Ἴ
97 3030 190 3094 gyptiis
204 3034 333 3078 mutuatae
347 3033 437 3077 auctor
447 3036 486 3078 eat
495 3028 566 3088 Βίοις.
579 3028 671 3089 baert,
681 3030 802 3073 monente
817 3025 958 3088 interprete
968 3026 999 3074 ad
1009 3026 1138 3074 Demosth.

97 3106 253 3194 ἕπιῖάφιον
267 3105 356 3192 λόγον
372 3122 441 3184 init,
460 3122 505 3185 qui
526 3128 612 3170 mmen
628 3121 719 3168 Laertii
738 3120 824 3168 locum
840 3136 891 3167 non
910 3119 1040 3169 indicavit.
1077 3119 1140 3167 Solis

96 3231 157 3264 vero
181 3212 382 3264 Athenienaibus
404 3216 474 3264 hune
495 3231 591 3264 morem
613 3215 744 3278 proprium
765 3214 843 3262 luisse
860 3214 989 3276 judicarit
1009 3214 1138 3263 Demoath.

97 3310 155 3358 adv.
170 3311 242 3373 Lepi.
259 3326 284 3373 p.
302 3307 353 3358 499
363 3310 390 3359 B.
409 3310 445 3358 Cs.
462 3310 494 3358 de
512 3308 663 3358 funebribus
683 3307 839 3356 orationibus
855 3308 994 3357 Stallbanm
1015 3308 1138 3373 Prologg.

96 3403 131 3452 ad
142 3403 213 3451 etat.
230 3403 406 3452 Μοοοαοπαοι.

71 3569 74 3571 Β
130 3494 157 3561 2)
192 3496 283 3546 Pollux
298 3498 345 3548 Ill.
362 3496 421 3546 100.
440 3496 571 3546 Praeclare
587 3497 618 3545 do
634 3497 736 3545 lunebri
751 3496 865 3543 oratione
875 3495 946 3543 Plato
965 3495 991 3542 in
1002 3495 1140 3542 Menexeno

94 3606 121 3654 p.
131 3588 181 3639 236
195 3591 224 3639 E.
249 3581 298 3642 δεῖ
316 3577 356 3662 δή
377 3574 512 3644 τοιούτου
533 3575 613 3654 τινος
627 3572 731 3659 λόγον,
755 3571 837 3652 ὅστις
853 3574 923 3652 τούς
938 3576 995 3657 μὲν
1009 3580 1138 3638 τετελευ-

93 3675 223 3762 τηκότας
245 3679 351 3756 ἱκανῶς
373 3677 565 3756 ἐπαινέσεται,
592 3685 654 3756 τοϊς
676 3677 710 3757 δὲ
732 3680 824 3755 ζῶσιν
845 3676 975 3759 εὐμενῶς
995 3673 1135 3759 παραινέ-

93 3800 189 3861 σεται,
213 3778 342 3864 ἐκγόνοις
362 3781 419 3863 μὲν
439 3783 488 3846 καὶ
510 3779 651 3866 ἀδελφοῖς
671 3777 900 3864 μιμεῖσθαιτήν
916 3781 1013 3843 τοῖνδε
1029 3776 1139 3861 doctrin

92 3879 375 3970 παρακελευόμενος,
391 3882 522 3971 πατέρας
537 3883 634 3947 δὲκαὶ
648 3881 781 3968 μητέρας
794 3883 844 3946 καὶ
857 3881 880 3946 εἰ
895 3907 968 3958 τινες
983 3883 1045 3945 τῶν
1058 3878 1137 3944 ἄντο-

94 3993 152 4051 θεν
174 3984 217 4052 ἔτι
238 3981 393 4072 προγόνων
415 3984 576 4064 λειπόνται,
598 3982 721 4061 τούτους
744 3985 779 4049 δὲ
801 3979 1082 4072 παραμυθούμενος.

128 4089 156 4156 3)
191 4093 305 4157 Thucyd.
324 4093 357 4141 11.
374 4091 416 4141 35.
