2648 4844
604 244 643 304 16

102 423 202 501 μεθα·
234 424 298 482 τῶν
325 416 362 482 δὲ
386 419 490 481 κακῶν
517 411 607 491 ἐκτός
635 421 752 503 εἴημεν.
780 409 908 512 Alisina
935 416 1026 507 ὕδωρ
1052 426 1144 503 {lullo

104 528 153 605 εἰς
165 520 272 595 πόλλα
293 519 464 616 χρήσιμον,
487 528 541 592 καὶ
563 519 670 592 δἀότε
691 522 799 606 κακόν,
822 528 966 604 κίνδυνος
982 524 1044 618 γαρ
1062 525 1144 604 ἅμα,

102 641 256 728 πνιγῆναι.
299 632 438 725 Μηχαιη
468 627 524 703 οὖν
555 630 693 725 εόρὲθη,
728 630 886 726 νήχεσθαι
924 632 1095 711 διδάσκειν.
1116 647 1141 732 ¹)

102 755 227 839 Quibus
249 752 353 815 verbis
373 750 454 836 quid¹
474 751 700 836 significaverit
723 773 832 836 reapse
853 765 956 837 patet:
983 769 1019 820 ut
1038 760 1141 837 enim,

102 891 142 931 ne
173 890 257 953 aqua
289 863 449 951 profunda
478 864 688 943 suffocemur,
722 887 772 929 ars
800 866 929 930 natandi
947 868 1140 936 addiscenda

102 994 167 1061 est,
200 982 247 1045 sic
269 1001 400 1066 quoquc
422 990 518 1041 utne
539 979 771 1043 calamitatibus
793 981 995 1062 cruciemur,
1019 985 1141 1050 confir-

100 1095 234 1161 mandus
257 1105 304 1157 est
322 1094 456 1157 animus.
477 1084 627 1176 ·Ἀνδρείη
640 1084 700 1177 γάρ
715 1083 774 1164 τός
791 1083 871 1165 ἄτας
887 1087 986 1181 μικρά
1002 1096 1102 1182 ἔρδει,
1112 1097 1138 1185 s)

100 1209 190 1275 Effici
219 1219 327 1273 autem
347 1205 381 1270 id
398 1204 550 1283 docebat,
585 1203 640 1266 uhi
673 1214 858 1287 reputemus
879 1205 961 1270 mala
982 1209 1081 1296 vulgo
1102 1234 1137 1275 ex

98 1323 190 1388 bonis
211 1323 320 1399 oriri,¹
340 1331 372 1383 et
394 1330 521 1383 utamur
543 1317 653 1394 honis,
677 1338 759 1401 quae
781 1317 914 1396 adsunt,
938 1320 978 1384 ad
999 1325 1137 1390 arcenda

99 1436 199 1502 mala:
224 1421 413 1519 ἆνθραλιτινα
433 1421 514 1493 κακδι
534 1426 569 1506 ἐξ
597 1418 726 1512 υἷγαθαῖν
747 1419 875 1515 φύεται,
901 1421 981 1518 εἰτήν
1001 1455 1051 1507 τις
1072 1429 1137 1501 τ’ἆι

46 1593 49 1600 -
97 1541 189 1635 γαθδ
218 1542 263 1636 μη
278 1537 462 1636 Ιἐπίστηται
486 1545 707 1633 ποδηγετέειν,
734 1546 817 1633 μηδὲ
844 1540 947 1630 ὀχέειν
974 1542 1135 1641 εὐπόρως.

98 1658 183 1736 olor
208 1665 331 1733 δίκαιον
356 1664 389 1732 ἐν
413 1667 539 1730 κακοῖσι
565 1657 606 1728 τό
627 1653 739 1729 τοιάδε
759 1663 890 1752 κρίνειν,
914 1658 980 1731 ἁλλ’
1005 1667 1037 1734 ἐν
1058 1667 1131 1756 α’γα

95 1790 207 1852 θοῖσιν
234 1783 306 1850 ἐντί.
343 1789 420 1858 Τοῖς
436 1805 473 1848 τε
491 1774 665 1867 όγαθυῖσιν
679 1772 784 1848 οἷόντε
805 1784 953 1873 χρῆσθαι
973 1788 1027 1853 καὶ
1049 1779 1136 1877 πρός

48 1979 57 1997 Ι
95 1897 137 1968 τό
156 1897 237 1968 κακοὶ
252 1904 285 1969 εἴ
297 1927 358 1969 τινι
373 1900 560 1986 βουλομένῳ
573 1893 611 1966 δν
622 1888 651 1989 ᾖ.
660 1899 685 1990 ³)
706 1948 737 1958 -
749 1893 927 1989 Εόγνώμων
944 1898 962 1972 ὁ
978 1902 1024 1995 μή
1036 1907 1135 1972 λυπε-

95 2012 210 2102 όμενος
231 2012 282 2110 ἐφ’
302 2013 385 2086 οἷσιν
406 2011 465 2085 οὐκ
486 2015 561 2102 ἔχει,
586 2013 667 2084 ἄλλα
688 2018 810 2106 χαίρων
832 2013 883 2108 ἐφ’
908 2016 990 2089 οἷσιν
1018 2021 1148 2111 ἔχετέ).

93 2192 97 2215 r
129 2185 155 2249 1)
191 2187 259 2235 Stob.
276 2187 333 2234 Ecl.
354 2186 415 2233 Etls.
432 2185 449 2231 l.
470 2185 502 2232 11.
520 2182 616 2245 c.s‚1.

127 2279 154 2343 2)
190 2280 259 2328 Stob.
272 2280 338 2327 Flor.
356 2283 374 2326 t.
391 2276 416 2326 7.
436 2276 477 2326 22.
494 2278 538 2325 Εδ.
558 2279 633 2333 Gaios.

129 2374 155 2438 3)
190 2374 259 2423 Stob.
279 2375 338 2423 Ecl.
358 2373 420 2421 stt.
440 2373 458 2420 l.
484 2372 517 2418 ll.
544 2387 566 2419 c.
586 2372 612 2434 9,
631 2371 656 2420 2.
675 2375 745 2422 Prior
764 2376 840 2423 huius
855 2376 997 2423 sententiae
1016 2392 1074 2439 pars
1094 2379 1133 2426 le-

94 2469 163 2531 gitur
182 2482 285 2530 quoque
304 2467 330 2514 ln
347 2466 412 2514 Flor.
432 2465 472 2512 tit.
490 2461 520 2525 4,
539 2462 586 2520 53;
607 2467 772 2529 posteriorem
788 2484 862 2530 vero,
877 2468 952 2532 plane
967 2475 1130 2534 corruptam,

93 2563 128 2610 sic
157 2561 301 2609 emendavit
327 2561 470 2621 Heerenus,
494 2562 523 2605 ut
542 2559 666 2607 scriberet
684 2542 832 2612 οἷόντινα
852 2547 1033 2630 βαλλόμενον
1055 2547 1131 2639 ἅλκῃ

91 2657 108 2703 i.
123 2671 146 2705 e.
163 2662 195 2702 ut
206 2657 236 2702 in
243 2654 369 2721 jaciendo
386 2669 432 2702 νιν
452 2652 503 2700 telo
521 2653 655 2700 mittendo
669 2654 764 2702 roboro.
784 2656 819 2702 Cf.
837 2656 965 2703 Burchsrd
980 2656 997 2704 l.
1012 2657 1029 2705 l.
1044 2673 1068 2720 p.
1085 2657 1128 2706 20.

126 2746 151 2812 4)
188 2748 256 2797 Stob.
285 2748 350 2796 Flor.
366 2754 385 2795 t.
403 2745 446 2810 17,
463 2745 504 2795 26.
534 2747 691 2810 Quapropter
709 2748 851 2797 infelicium
874 2750 1046 2798 conditionem
1066 2768 1130 2799 oon-

89 2842 252 2912 spiciendius
261 2858 315 2890 esse
331 2841 434 2904 docuit,
450 2845 495 2904 ut,
512 2842 700 2904 comparatione
712 2843 844 2907 instituta,
860 2859 906 2891 nos
917 2841 1043 2891 feliciores
1053 2861 1129 2908 prae-

88 2939 242 2987 dicaremus:
272 2926 320 2988 ἐπι
346 2930 408 3000 τοῖς
434 2924 569 2997 δυνατοῖς
596 2917 648 2983 οὖν
675 2925 724 2983 δεῖ
747 2920 825 3004 ἔχειν
848 2921 904 3007 την
930 2919 1052 3006 γνώμην
1078 2925 1128 2987 καὶ

87 3035 149 3105 τοϊς
163 3028 306 3109 παρεοδσι
321 3021 490 3104 ἀρκέεσθαι,
506 3023 567 3085 τῶν
582 3020 638 3101 μὲν
654 3022 844 3106 ζηλουμένων
859 3027 907 3087 καί
924 3024 1126 3106 θαυμαζομέ-

86 3156 146 3194 νων
169 3126 270 3211 ὀλίγην
290 3121 413 3208 μνήμην
429 3121 550 3206 ἔχοντα,
571 3124 619 3185 καί
635 3124 676 3210 τῇ
694 3125 809 3212 διανοίη
819 3122 865 3210 μη
879 3123 1123 3210 προσεδρεύοντα,

85 3233 147 3295 τῶν
169 3229 204 3294 δὲ
226 3222 488 3311 ταλαιπωρεόντων
509 3220 577 3300 τοός
603 3225 687 3306 βίους
710 3223 864 3310 θεωρέειν,
894 3222 1083 3306 ἐννοούμενον
1105 3229 1126 3291 t?

85 3330 236 3416 πάσχουσι
262 3327 369 3416 κάρτα,
399 3324 475 3404 όκως
501 3323 538 3389 δν
563 3323 601 3389 ra*
628 3324 776 3411 παρέοντα
802 3349 847 3391 σοι
873 3330 921 3391 καὶ
947 3325 1125 3412 ότιαρχόυτα

85 3432 269 3521 μεγάλακαὶ
292 3428 412 3516 ζηλωτδ
436 3429 575 3513 φαίνηται
597 3429 646 3491 καὶ
672 3427 777 3512 μηκέτι
805 3426 946 3494 πλειόνων
973 3429 1123 3511 ἐπιθυμέ-

85 3565 145 3603 οντι
167 3534 317 3621 συμβαίνῃ
338 3528 532 3595 κακοπαθέειν
553 3532 596 3617 τῇ
616 3533 715 3618 ψυχῇ.
740 3570 772 3578 -
794 3529 906 3615 Διόπερ
933 3530 971 3594 τό
998 3531 1055 3611 μὲν
1076 3520 1123 3618 μη

85 3641 227 3717 δίζεσθαι
248 3633 361 3720 χρέων,
384 3633 433 3695 ε’ττί
454 3637 517 3708 τοῖς
539 3631 574 3695 δὲ
596 3629 802 3712 εόθυμέεσθαι
824 3631 939 3717 Ιχρέων,
966 3632 1123 3718 παραβόλ-

84 3748 172 3805 λοντα
193 3736 247 3805 τόν
269 3735 383 3802 έωυτοῦ
397 3735 462 3818 βίον
477 3730 554 3819 πρός
568 3731 622 3797 τόν
636 3736 698 3797 τῶν
714 3732 898 3821 φαυλότερον
914 3733 1121 3819 πρησσόντων,

83 3845 133 3908 καὶ
153 3842 324 3926 μακαρίζειν
347 3836 469 3915 ἓωυτδν,
492 3832 713 3919 ἐνθυμεύμενον
734 3833 755 3900 δι’
776 3835 941 3922 πάσχουσι,
965 3834 1043 3914 όκως
1065 3837 1121 3903 αό-

83 3945 159 4013 τέων
179 3941 294 4027 βέλτιον
313 3936 437 4028 πρήσση
458 3940 538 4002 τεκαὶ
560 3935 659 4027 διάγῃ.
682 3953 751 4002 Stob.
771 3954 836 4002 thid.
854 3954 893 4000 tit.
912 3954 943 4012 1.,
961 3950 1002 3998 to.
