2648 4844
694 332 756 397 lot

206 515 361 579 rationem
379 526 588 597 caeteraque,
613 533 695 597 quae
715 513 776 596 ipsi
795 512 951 588 adessent,
975 511 1067 575 bona.
1084 507 1110 594 ¹)
1137 512 1248 596 Neque

207 640 331 692 tautum
359 628 490 712 privatis
508 627 629 704 bonis,
680 647 763 711 quae
795 624 929 710 singulis
968 635 1072 687 essent
1107 625 1244 703 relicta,

207 743 433 805 verumetiam
456 740 614 824 publicis,
644 740 780 802 civitatis
801 739 926 815 salute,
961 737 1082 823 gloria,
1117 739 1247 802 incolu-

207 858 334 932 mitate,
371 856 434 916 vim
463 853 581 916 doloris
610 853 759 938 frangere
786 851 999 931 studuerunt,
1035 872 1118 936 quae
1147 851 1246 915 oratio

205 980 363 1055 quantum
382 967 487 1030 valere
508 966 656 1029 debuerit
678 965 717 1029 ad
740 965 925 1028 leniendum
947 964 1109 1043 dolorem,
1137 975 1246 1049 sponte

206 1082 386 1166 intelliget,
426 1082 625 1166 quicumque
662 1081 880 1163 reputaverit,
918 1100 982 1164 quo
1018 1079 1090 1141 loco
1127 1090 1246 1141 veteres

206 1196 441 1279 rempublicam
469 1194 652 1257 habuerint.
701 1194 787 1256 Haec
823 1193 907 1255 enim
935 1191 1034 1255 veluti
1070 1193 1246 1255 communis

207 1309 349 1373 omnium
364 1320 465 1373 mater
488 1318 573 1384 erat,
595 1327 692 1390 quam
712 1329 835 1369 summo
854 1328 962 1369 amore
992 1306 1244 1383 venerabantur,

207 1422 281 1485 hino
314 1443 407 1486 omne
437 1420 598 1484 ducebant
632 1419 851 1503 principium,
893 1419 957 1482 huc
989 1420 1094 1483 omnia
1126 1420 1246 1482 refere-
1309 1443 1310 1447 ¹

206 1536 303 1614 bant,
325 1534 405 1598 haec
426 1536 558 1598 unicum
576 1532 755 1596 habebatur
775 1533 808 1594 in
828 1533 1006 1596 calamitate
1024 1543 1055 1595 et
1082 1532 1174 1595 malis
1193 1532 1246 1595 do-

208 1648 346 1711 mesticis
373 1649 546 1734 refugium.
581 1646 676 1726 Quod
707 1648 766 1709 rite
788 1645 1012 1709 animadvertit
1035 1632 1244 1723 Plutarchus,

207 1761 334 1826 dicens:
380 1758 410 1823 εἰ
437 1760 488 1824 δεῖ
513 1759 573 1825 τοῦ
601 1749 818 1847 ἀτυχήσαντος
844 1750 931 1844 πρὸς
964 1749 1046 1844 ἡδίω
1074 1747 1247 1843 πράγματα

205 1871 337 1959 τρέπειν
358 1866 414 1959 τήν
435 1871 593 1952 διανοίαν,
622 1862 768 1955 ὡσπερεί
799 1860 876 1940 τούς
903 1859 1162 1954 ὀφθαλμιῶντας
1184 1858 1247 1932 cirri

205 1985 269 2048 τῶν
290 1983 449 2072 λαμπρῶν
470 1983 524 2048 καί
545 1975 724 2049 ἀντιτύπων
751 1979 807 2045 ἐπὶ
833 1973 874 2045 τα
898 1970 1009 2065 χλωροὶ
1045 1977 1099 2042 καὶ
1124 1971 1248 2060 μαλακοὶ

206 2085 364 2182 χρώματα
389 2088 446 2184 τήν
473 2086 554 2184 ὄψιν
582 2086 717 2178 ἀπάγειν
747 2083 951 2166 κελεύοντας·
989 2079 1099 2154 πόθεν
1132 2079 1171 2152 ύίν
1201 2111 1248 2163 τις

203 2195 401 2290 ’ἐπαγάγοιτο
424 2205 542 2288 βέλτιτο
565 2204 785 2292 παρηγορίαν,
809 2197 830 2292 ἢ
851 2203 1013 2290 πατρίδος
1035 2193 1246 2288 εὐτυχούσης,

207 2315 241 2382 ἐκ
261 2317 325 2380 τῶν
345 2318 458 2382 κοινιῦν
478 2317 600 2381 παθών
627 2315 683 2381 ἐπὶ
708 2311 749 2381 τοὶ
777 2315 880 2382 οἰκεῖα
908 2305 1082 2401 σύγκρασιν
1109 2302 1248 2400 ποριζό-

205 2449 302 2510 μενος
322 2433 392 2503 τοῒς
412 2428 576 2510 βελτίοσιν
597 2420 820 2515 ἀφανίζουσαν
839 2420 881 2491 τοὶ
902 2424 1002 2512 χείρω
1009 2451 1020 2509 ;
1032 2423 1058 2514 2)
1092 2427 1248 2512 Intelligi·

207 2551 260 2604 tur
290 2541 384 2621 hine,
410 2564 510 2627 quare
534 2541 718 2625 Sulpicius,
739 2542 925 2606 Ciceronem
945 2562 1038 2603 suum
1061 2541 1246 2618 consolans,

207 2677 270 2717 non
300 2657 434 2739 pessime
464 2677 538 2718 cum
571 2655 609 2716 iis
640 2676 706 2717 esse
738 2666 847 2718 actum
879 2655 1013 2732 dixerit,
1040 2654 1159 2739 quibus
1184 2656 1247 2716 sine

207 2767 317 2830 dolore
337 2768 462 2830 licitum
483 2779 563 2830 esset
579 2780 714 2831 mortem
734 2789 808 2830 cum
830 2769 893 2830 vita
914 2779 1132 2847 commutare3
1159 2788 1247 2852 prae-

207 2893 289 2944 stare
316 2882 401 2944 enim
423 2882 621 2945 existimabat
644 2882 745 2959 mori,
779 2903 876 2966 quam
903 2883 1008 2943 vivere
1038 2882 1072 2943 in
1099 2882 1247 2961 civitate,

209 2996 303 3058 euius
323 2996 453 3058 libertas
473 2996 574 3058 fracta
593 2994 723 3076 jacebat
745 3016 894 3079 quaeque
913 2995 1007 3057 unius
1028 2984 1165 3079 imperio
1184 3005 1249 3059 erat

208 3109 362 3192 subjecta.
410 3109 493 3171 Hinc
526 3109 601 3170 item
634 3108 821 3191 explicanda
853 3120 925 3171 sunt
950 3109 1128 3186 Ciceronis,
1165 3109 1248 3172 filiae

208 3222 330 3284 obitum
348 3221 505 3304 lugentis,
531 3222 644 3284 verba:
672 3270 693 3300 „
705 3243 765 3284 nou
787 3233 912 3300 autem,
938 3233 974 3284 ut
986 3234 1054 3285 tum
1063 3244 1248 3307 mearepu-

206 3334 292 3398 blica
310 3347 466 3398 moestum
489 3335 601 3399 domus
618 3336 815 3420 excipiebat,
835 3358 918 3421 quae
936 3336 1072 3414 levaret,
1101 3338 1147 3399 sic
1164 3359 1248 3400 nunc

208 3449 301 3512 domo
334 3470 479 3511 moerens
509 3449 549 3512 ad
580 3450 812 3534 rempublicam
839 3452 1013 3547 confugere
1040 3472 1190 3534 possum,
1215 3462 1249 3513 ut

207 3564 241 3624 in
275 3562 341 3625 eius
366 3563 458 3626 bonis
490 3565 704 3650 acquiescam.
737 3567 850 3652 Itaque
881 3577 912 3628 et
939 3565 1033 3629 domo
1074 3564 1187 3629 absum
1218 3575 1249 3627 et

207 3676 295 3753 loro,
321 3675 410 3760 quod
433 3699 492 3741 nec
512 3700 585 3740 eum
605 3678 768 3758 dolorem,
793 3702 926 3765 quema
949 3679 1118 3764 republica
1138 3680 1246 3764 capio,

215 3855 421 3866 r----—-——-·-

242 3958 267 4023 1)
304 3962 370 4009 Plut.
392 3964 463 4009 Cous.
485 3963 519 4009 ad
534 3979 637 4012 uxorem
655 3982 679 4029 p.
695 3963 744 4013 611
763 3966 788 4012 B.

241 4053 267 4116 2)
304 4055 369 4102 ΡΙιιί.
392 4057 445 4102 otta
467 4059 595 4107 Dmoett.
616 4077 639 4106 c.
658 4060 698 4106 22.
