2648 4844
639 285 682 345 56

143 468 284 541 Bitonis,
304 477 374 527 tum
395 463 566 548 Agamedis
582 475 614 525 et
633 462 807 545 Trophonii
828 464 902 525 satis
922 463 1110 543 ostendisse,
1134 467 1179 528 ri-

142 594 204 645 tem
227 602 293 641 esse
315 579 453 653 malum,
479 589 613 641 mortem
636 598 712 638 sero
730 577 872 651 bonum,
903 576 1056 662 idemque
1078 580 1178 643 risum

141 697 254 780 poetis,
276 695 333 777 qui
348 692 466 754 diserte
485 690 629 767 tradunt,
648 691 788 753 Deorum
807 691 977 754 amicosin
993 691 1179 756 adolescen-

141 811 184 875 tia
207 809 308 884 mori,
330 829 370 868 ne
392 807 475 868 ritae
497 805 587 868 malis
611 807 705 866 nimis
723 807 957 869 cruciarentur.
991 806 1106 890 Neque
1127 829 1180 870 ra-

140 925 202 986 rias
232 934 355 984 tantum
381 921 463 982 ritae
484 932 604 982 aetates
630 919 719 982 bisce
751 921 886 982 miseriis
918 941 987 981 esse
1016 921 1179 998 obnoxias,

139 1058 251 1099 reruni
270 1034 394 1119 singula
417 1055 548 1119 quoque
570 1032 673 1096 studia
692 1055 749 1095 sua
779 1032 898 1096 babere
927 1033 1009 1095 mala
1031 1056 1071 1096 ae
1091 1039 1179 1118 peri-

140 1151 237 1226 cula,
270 1149 356 1233 quod
385 1159 497 1232 aperte
528 1149 560 1208 in
588 1146 780 1229 opificibus,
812 1148 940 1223 nautis,
968 1149 1119 1232 agricolis
1147 1162 1179 1212 et

141 1263 338 1346 reipublicae
357 1261 668 1324 administratoribus
689 1261 862 1325 ceruimus.
906 1260 1007 1323 Allert
1025 1261 1180 1347 deinceps

139 1378 286 1445 Socrates
311 1376 410 1438 alium
440 1374 567 1437 Prodici
594 1396 794 1451 sermonem,
822 1396 889 1458 quo
918 1386 1055 1438 mortem
1072 1362 1179 1461 neque

139 1489 338 1553 adurentes
362 1487 523 1573 nequead
545 1487 715 1550 defunctos
736 1489 899 1572 pertinere
921 1488 1065 1551 dixerat:
1083 1481 1179 1568 ὥστε,

140 1604 186 1666 sic
206 1602 271 1678 ait,
296 1591 371 1663 οἵτε
394 1598 474 1686 περί
494 1619 532 1662 σε
555 1601 609 1663 rio
629 1597 727 1664 ἐστιν·
750 1592 791 1665 ori
811 1593 873 1684 γὰρ
895 1598 1068 1686 τέθνηκας·
1092 1591 1179 1679 oiire,

139 1715 224 1778 εἴτι
244 1703 387 1789 πάθοις,
410 1705 501 1774 e’irror
522 1709 603 1796 περί
624 1729 677 1774 σε·
700 1703 741 1775 ori
763 1704 823 1796 γὰρ
846 1701 905 1776 oo'x
926 1706 1003 1775 ἔσει.
1026 1700 1181 1784 Ittdroroe

141 1813 198 1889 οὖν
218 1817 237 1909 ἡ
261 1814 346 1908 λύπη
368 1820 450 1907 περὶ
469 1822 528 1885 rori
550 1812 631 1908 μήτε
653 1813 759 1900 docos,
786 1812 868 1908 μήτε
889 1819 1054 1902 ἐσομένου.
1074 1864 1108 1873 -
1134 1815 1181 1887 Tri

139 1927 201 2021 γὰρ
224 1925 372 2020 φοβερὸν
390 1938 461 2005 τοῖς
482 1919 574 1996 οὖσιν
594 1929 677 1996 ἐστι·
699 1937 770 2006 τοῖς
792 1931 828 1997 δὲ
856 1924 915 1998 onix
940 1921 1014 1998 οὖσι
1041 1935 1116 2007 πῶς
1142 1924 1181 1997 ἄν

141 2043 248 2131 obst),
272 2046 328 2108 His
347 2066 422 2106 roro
444 2045 575 2106 minime
595 2043 808 2129 adstipulatur
829 2046 1009 2124 Axiochus,
1031 2045 1086 2108 sed
1107 2046 1181 2108 ina-

139 2159 191 2221 nia
220 2181 285 2221 esse
318 2158 414 2220 rerba
445 2157 635 2240 respondet,
670 2180 703 2220 se
735 2170 842 2222 antem
872 2160 1055 2223 etiamnunc
1088 2172 1178 2224 metu

140 2274 215 2359 angi
237 2284 334 2356 atque
353 2294 449 2358 aegre
471 2274 574 2351 terre,
595 2272 682 2358 quod
699 2274 787 2335 breri
809 2274 901 2337 bonis
923 2277 986 2337 suis
1006 2275 1179 2359 privandus

139 2388 189 2451 sit.
236 2387 349 2471 ltaque
371 2387 538 2464 Socrates,
563 2398 597 2450 ut
616 2387 839 2469 perturbatum
862 2389 929 2451 eius
951 2389 1093 2455 animum
1112 2390 1178 2453 eri-

142 2511 217 2584 gat,
258 2500 296 2561 ad
330 2499 514 2562 sublimiora
547 2522 621 2562 eum
658 2501 785 2577 educit,
829 2503 969 2565 animum
1002 2502 1178 2566 humanum

141 2633 205 2674 non
224 2613 318 2674 morti
340 2613 530 2691 obnoxium,
547 2613 601 2675 sed
621 2613 832 2676 immortalem
854 2637 920 2677 esse
938 2615 1067 2681 docens.
1113 2619 1178 2680 lto-

142 2726 259 2786 minem
279 2725 363 2785 enirn
382 2735 428 2786 tot
448 2736 599 2810 tantaque
621 2726 797 2810 perficere,
831 2727 960 2790 domare
980 2730 1083 2807 feras,
1117 2753 1178 2794 na-

141 2836 248 2920 vigare
266 2858 324 2920 per
346 2858 451 2915 mare,
484 2838 653 2903 aedificare
676 2842 771 2923 urbes
794 2853 825 2904 et
844 2843 998 2905 circuitus
1019 2854 1177 2908 astrorum

142 2951 337 3034 perspicere,
369 2973 545 3038 eorumque
567 2966 672 3017 ortum
696 2966 727 3018 et
750 2977 897 3019 occasum
919 2957 1046 3043 aliaque
1068 2960 1178 3022 obser-

141 3085 214 3127 vare
234 3086 296 3126 non
316 3066 468 3147 potuisse,
488 3068 546 3128 nisi
567 3067 628 3150 ipsi
650 3067 766 3130 inesset
795 3070 924 3153 spiritus
947 3070 1077 3155 qnidam
1095 3071 1178 3134 divi-

141 3197 220 3257 nus,
244 3197 309 3260 quo
330 3188 449 3239 tantam
470 3200 577 3241 rerum
599 3181 745 3263 peritiam
768 3183 827 3244 sibi
850 3195 1067 3267 compararet.'
1107 3187 1178 3248 Mo-

143 3288 274 3350 rientem
297 3289 396 3375 igitur
418 3313 479 3353 non
510 3293 549 3355 ad
579 3305 730 3373 mortem,
762 3296 816 3359 sed
843 3296 880 3359 ad
907 3298 1176 3363 immortalitatem

141 3403 285 3479 transire,
309 3405 414 3467 omnia
433 3404 616 3470 habitururn
639 3409 741 3487 bona,
765 3410 881 3494 quibus
901 3411 933 3472 in
952 3412 1015 3474 vita
1035 3414 1177 3498 gaudere

142 3537 205 3578 non
238 3529 363 3599 posset,
396 3520 517 3603 quippe
550 3525 693 3605 corporis
726 3523 955 3608 cupiditatibus
982 3549 1020 3589 ac
1042 3528 1179 3591 miseriis

142 3629 294 3711 pollutus.
344 3633 439 3692 Koios
469 3623 529 3715 γὰρ
558 3625 684 3719 ἀφίξει,
719 3638 761 3700 ita
787 3639 963 3703 Axioohum
988 3640 1175 3726 alloquitur,

176 3914 201 3974 1)
229 3917 370 3979 ‘Acioobrrs
390 3938 412 3970 c.
432 3921 472 3972 ll.
500 3925 590 3973 Eadem
606 3944 709 3988 quoque
728 3933 825 3980 ratione
842 3934 965 3995 Epicurus
983 3935 1178 4000 philosophatus

138 4015 192 4072 rit,
213 4018 240 4057 nt
256 4012 319 4057 intio
339 4015 484 4065 munimus.
