2648 4844
688 342 753 404 120

202 523 365 589 tudinibus
385 523 446 584 tun
464 523 639 597 sententia,
675 532 710 582 nt
728 541 780 581 cas
799 502 863 581 nori
885 529 997 579 natura
1014 519 1069 580 sed
1091 519 1241 602 opinione

202 648 326 703 tantum
340 616 505 711 consere,
518 644 550 694 ct
560 621 668 718 prouti
684 644 824 707 metum,
844 630 918 693 mali
938 631 1105 694 cuiusdam
1116 633 1240 716 impen-

200 751 322 827 dentis,
352 750 397 813 sic
415 748 558 824 luctum,
579 748 752 831 praesentis
768 744 844 808 mali
861 746 1043 829 opinionem
1061 767 1130 808 esse
1148 745 1240 808 dice·

202 874 283 927 rent.
309 862 497 926 Efficiebant
513 872 619 924 autern
635 860 681 938 id,
690 881 764 924 cum
779 859 849 922 aliis
865 879 902 921 ex
920 859 1058 937 caussis,
1080 869 1151 921 tnm
1167 857 1240 922 inde

171 953 181 1048 ,Υ
201 977 390 1061 praecipue,
411 973 497 1059 quod
516 984 658 1057 tempore
674 994 801 1036 omnem
816 972 941 1034 luctum
956 973 1058 1035 mirmi
1074 970 1238 1046 riderent,

202 1091 277 1153 licet
298 1089 410 1151 eadem
432 1099 573 1150 maneret
602 1085 734 1171 lugendi
757 1106 878 1149 caussa.
914 1086 1004 1164 Quae
1028 1107 1130 1170 quum
1160 1097 1239 1148 esset

201 1205 348 1266 universa
367 1223 476 1265 eornm
494 1202 667 1276 sententia,
699 1223 717 1262 a
736 1201 923 1262 seinvicem
945 1211 1052 1262 tamen
1070 1200 1105 1260 in
1122 1198 1240 1262 defini-

201 1315 281 1378 enda
299 1314 352 1378 itta
372 1315 520 1399 opinione
540 1314 740 1398 aliquantum
763 1313 991 1377 dissenserunt.
1035 1312 1137 1374 Stoici
1156 1314 1238 1389 enim

200 1429 342 1491 dolorem
373 1427 475 1489 omnis
512 1427 686 1510 praesentis
715 1426 790 1488 mati
822 1426 1003 1509 opinionem
1035 1424 1238 1502 habueruut,

201 1562 301 1626 quum
312 1539 477 1624 Cyrenaici
494 1539 615 1602 nullam
634 1538 867 1623 aegritudinem
886 1537 969 1601 effici
980 1549 1169 1616 censerent,
1183 1540 1239 1601 nisi

159 1684 165 1699 ·
200 1655 360 1737 insperato
390 1663 421 1714 et
448 1653 636 1736 necopinato
663 1652 768 1728 malo,
808 1651 954 1736 adeoque
978 1651 1236 1735 praemeditanda

201 1766 282 1829 maia
302 1787 375 1839 esse,
395 1765 559 1830 docerent.
609 1766 664 1828 His
691 1786 767 1826 vero
790 1786 857 1827 sese
886 1765 1032 1848 opposuit
1062 1766 1236 1848 Epicurus,
1277 1852 1281 1856 Α

201 1881 257 1965 qui
280 1901 405 1943 omnem
430 1879 587 1942 maiorum
608 1877 923 1962 praemeditationem
950 1879 1152 1962 vituperans,
1186 1899 1238 1939 ne·

201 2014 290 2059 cesse
306 2014 373 2055 esse
392 1988 537 2070 dicebat,
571 2004 607 2055 ut
628 2011 736 2054 ornnes
758 2000 861 2053 essent
879 1990 1153 2075 inaegritudine,
1184 1993 1237 2076 qui

201 2127 235 2168 se
253 2107 285 2170 in
303 2105 393 2168 malis
412 2127 479 2168 esse
500 2106 744 2176 arbitrarentur.

246 2221 289 2282 Ex
308 2218 439 2282 diversis
456 2217 543 2281 hisce
554 2216 817 2303 philosophorum
832 2218 874 2280 de
893 2218 1095 2303 aegritudine
1112 2229 1237 2281 senten-

199 2335 269 2412 tiis,
290 2354 372 2418 qnae
391 2334 431 2394 sit
449 2353 543 2409 vera,
560 2353 689 2417 quaeve
701 2353 808 2394 veram
819 2333 917 2415 ipsius
936 2342 1082 2396 naturam
1100 2333 1236 2409 referat,
1259 2321 1262 2325 ’
1282 2319 1285 2324 ’

199 2447 285 2511 haud
312 2445 406 2510 facile
428 2457 474 2508 est
492 2445 645 2510 indicare.
689 2446 910 2530 Negarienim
927 2467 989 2509 non
1009 2457 1114 2529 potest
1129 2446 1236 2530 pluri-

199 2582 286 2624 mum
308 2558 348 2623 ad
366 2559 567 2623 efficiendum
584 2581 761 2623 moerorem
777 2559 883 2622 faeere
897 2561 1098 2643 opinionem,
1118 2559 1236 2622 malum

200 2673 360 2759 quoddam
383 2673 473 2736 nobis
494 2667 672 2750 accidisse,
700 2694 801 2757 eoque
820 2673 1017 2736 acerbiorem
1037 2672 1105 2736 fore
1128 2674 1237 2758 aegri-

199 2784 363 2864 tudinem,
387 2806 451 2871 quo
473 2786 573 2871 magis
602 2786 700 2849 menti
724 2798 850 2850 nostrae
863 2768 960 2850 infixa
976 2787 1016 2849 sit
1034 2785 1090 2849 illa
1117 2786 1235 2870 opinio.

197 2901 308 2985 Neque
330 2911 435 2963 tamen
457 2898 661 2965 concedimus
683 2899 817 2978 Stoicis,
835 2899 978 2963 eandem
998 2899 1237 2983 solaopinione

124 2997 125 3001 Ἰ
198 3024 360 3092 constare,
391 3023 488 3098 atque
518 3024 629 3079 contra
648 3023 795 3076 naturam
813 3032 890 3078 esse.
929 3014 1008 3076 Nam
1034 3023 1070 3076 nt
1086 3013 1148 3075 rite
1165 3014 1237 3077 ani-

142 3104 148 3121 ‘
192 3127 365 3192 madvertit
381 3127 520 3189 Seneca:
543 3147 618 3189 enm
632 3127 791 3208 primum
809 3148 869 3188 noa
888 3127 1033 3189 nuncius
1044 3125 1158 3189 acerbi
1171 3125 1238 3212 sre-

196 3244 291 3304 neria
298 3239 471 3325 perculit,
483 3260 559 3302 enm
575 3251 724 3302 tenemur
740 3258 878 3323 eorpus,
898 3263 914 3303 e
930 3239 1105 3324 complexu
1121 3253 1238 3304 nostro

197 3356 235 3418 in
257 3357 373 3442 ignem
394 3355 645 3432 transiturum,
674 3353 838 3416 lacrimae
856 3354 1238 3418 naturalis-neceeeitea

197 3471 382 3552 eope-imit,
405 3482 437 3533 et
448 3470 612 3552 spiritua,
624 3471 697 3532 ictu
714 3467 844 3549 doloris
863 3469 1052 3552 impulsae,
1073 3467 1236 3554 qnerned-

198 3582 333 3647 mednm
351 3596 462 3647 totnm
479 3604 599 3666 corpor
619 3585 756 3668 quatit,
775 3586 827 3646 ite
846 3583 974 3660 oonloa,
996 3582 1120 3668 quidne
1138 3581 1236 3668 edja-

191 3710 325 3762 oenum
345 3696 518 3760 demerem
533 3700 726 3780 perpremit
743 3709 774 3760 et
795 3696 959 3780 empeiiitr
981 3696 1044 3759 laec
1072 3696 1237 3758 ieet-imae

194 3832 258 3894 per
270 3810 446 3873 elisionem
457 3809 591 3889 eadunt,
611 3810 804 3874 nolentibus
814 3810 919 3876 nodie.
931 3808 954 3894 ¹)
973 3810 1043 3894 lpse
1055 3809 1135 3873 adeo
1146 3809 1238 3874 Cice·

202 3967 402 3981 ——u———⁴

233 4055 259 4123 1}
288 4061 387 4108 Seneca
408 4062 492 4123 Epist.
511 4059 553 4108 99.
619 4050 621 4052 ’
