2648 4844
636 293 717 352 126'

144 473 325 550 contendit,
339 470 364 556 ι)
379 473 431 534 cni
442 474 612 534 assentitur
623 472 743 534 Seneca
754 520 762 547 ‚
773 469 799 555 2)
818 492 1013 555 quamquam
1031 470 1104 548 bic,
1122 471 1184 534 alio

141 586 229 661 loco,
242 587 413 648 maximum
426 563 457 646 id
469 586 616 647 solatium
631 595 805 667 nuncupat.
816 581 840 668 3)
867 584 978 648 Cicero
988 595 1115 662 autem,
1129 591 1180 668 qni

139 701 172 762 in
192 700 379 762 Tusculanis
395 699 663 782 disputationibus
683 696 851 761 Carneadis
869 699 1058 761 seutentiam
1078 700 1182 782 impu-

141 834 240 897 gnans
261 834 329 874 earn
347 813 595 879 consolationem
608 811 756 874 laudibus
769 811 911 874 celebrat
921 858 930 888 ,
940 808 966 896 ⁴)
988 811 1028 874 ad
1040 813 1183 896 Torqua-

141 936 208 988 tum
227 926 368 988 seribens
388 924 520 986 eandem
542 927 642 987 levem
655 947 722 987 esse
733 925 822 988 dicit.
834 923 858 1010 ιὅ)
885 925 1093 988 Antimachus
1109 947 1183 988 con-

140 1049 206 1114 tra,
230 1058 330 1121 quum
353 1037 534 1120 perdiderat
552 1038 703 1100 dilectam
726 1060 876 1115 uxorem,
904 1038 964 1101 hac
987 1041 1181 1122 potissimum

139 1151 261 1213 ratione
283 1150 518 1237 aegritudinem
545 1174 634 1214 suam
656 1154 800 1214 minuere
830 1151 969 1229 studuit,
995 1162 1030 1214 ut
1052 1151 1182 1215 heroum

139 1275 342 1327 enumeraret
368 1263 621 1350 calamitates‚⁰)
653 1287 757 1350 neque
788 1286 857 1328 eam
879 1263 1079 1349 displicuisse
1096 1265 1181 1341 aliis,

139 1377 213 1439 inde
229 1378 336 1462 colligi
356 1389 476 1461 potest,
501 1377 587 1462 q'uod
611 1378 759 1463 plerique
782 1400 851 1441 eam
870 1380 902 1440 in
923 1378 1049 1461 scriptis
1072 1400 1183 1442 conso-

142 1491 261 1552 latoriis
274 1490 358 1553 baud
373 1491 580 1575 neglexerint.
606 1491 648 1554 Ut
658 1492 769 1576 igitur,
783 1490 861 1575 quid
873 1490 933 1553 hac
946 1490 985 1553 de
998 1513 1032 1553 re
1045 1502 1183 1554 statuen-

141 1602 216 1665 dum
237 1603 295 1680 sit,
316 1603 552 1689 intelligamus,
576 1596 793 1689 indagandum
813 1616 861 1667 est
881 1614 955 1666 ante
973 1605 1095 1682 omnia,
1121 1625 1183 1688 quo

140 1717 195 1779 illa
214 1717 379 1780 referenda
403 1719 442 1780 sit
459 1719 642 1783 consolatio.
668 1718 747 1780 Nam
768 1719 793 1778 si
813 1739 850 1779 eo
867 1727 1029 1801 spectaret
1046 1739 1182 1780 comme-

141 1831 274 1892 moratio
290 1830 363 1908 illa,
385 1841 421 1893 ut
440 1831 550 1892 alienis
567 1831 657 1894 malis
674 1831 814 1916 gaudere
826 1830 1020 1908 disceretis,
1045 1832 1102 1916 qui
1118 1833 1182 1916 ipse

139 1941 246 2020 dolet,
268 1942 488 2006 malivolorum
520 1945 647 2006 omnino
677 1945 759 2008 lrane
790 1944 1039 2007 consolationem
1068 1966 1135 2007 esse
1155 1956 1184 2006 et

140 2042 322 2139 indignam,
346 2079 428 2141 quae
443 2056 675 2143 aplrilosopbis
693 2057 905 2134 adhibeatur,
931 2079 1005 2122 cum
1024 2059 1183 2124 Carneade

142 2179 362 2233 statueremus.
407 2170 469 2232 Sed
500 2169 586 2233 aliud
620 2181 743 2254 spectat
772 2171 826 2234 illa
861 2173 1052 2235 corisolantis
1086 2196 1183 2258 argu-

139 2284 304 2346 mentatio.
340 2284 388 2346 Fit
408 2285 655 2369 enimgsaepius,
677 2296 711 2347 ut
736 2287 791 2370 qui
815 2285 995 2348 calamitate
1017 2308 1183 2372 oppressus

141 2407 205 2473 est,
223 2397 265 2459 ita
277 2396 455 2460 abducatur
473 2420 510 2461 ac
530 2397 726 2481 deprimatur
744 2399 967 2484 aegritudine,
983 2401 1027 2461 ita
1045 2402 1184 2464 animum

141 2508 355 2592 despondeat,
380 2521 416 2573 ut
443 2533 533 2574 suam
560 2513 656 2576 unice
685 2525 802 2576 sortem
833 2513 874 2576 ob
901 2514 1011 2576 oculos
1043 2514 1182 2589 habens,

141 2623 303 2704 omnium,
328 2625 661 2709 quotquot-suerunt,
695 2648 726 2687 se
752 2627 965 2689 miserrimum
992 2649 1060 2690 esse
1081 2629 1183 2690 existi-

141 2747 215 2800 met.
258 2738 347 2799 Hanc
381 2739 481 2822 igitur
515 2740 695 2822 opinionem
721 2741 843 2825 lugenti
875 2742 919 2804 ita
940 2740 1109 2804 detrahere
1129 2763 1183 2804 co-

143 2850 321 2928 nabantur,
356 2863 392 2915 ut
421 2853 537 2915 multos
568 2853 646 2915 alios
674 2865 706 2916 et
732 2854 828 2918 fuisse
861 2867 892 2917 et
915 2857 1184 2937 esseetiamnunc

140 2976 328 3057 monerent,
363 2967 419 3049 qui
450 2968 594 3051 graviora
624 2979 727 3029 essent
760 2969 912 3053 perpessi.
956 2970 1039 3033 Hine
1071 2970 1184 3033 Niobes
1244 3023 1246 3026 .

141 3077 341 3163 aliorumque
367 3080 549 3142 innumeras
581 3082 762 3144 referebant
784 3083 1002 3160 calamitates,
1028 3083 1104 3146 bine
1126 3083 1184 3146 So·
1213 3105 1215 3109 ¹

179 3313 204 3377 1)
240 3318 290 3365 Cic.
308 3319 431 3376 Tuch.
449 3321 484 3367 lll
503 3319 544 3367 25.

178 3408 204 3473 2)
240 3412 333 3460 Seneca
355 3414 427 3461 Coos.
448 3415 482 3461 od
495 3416 578 3462 Marc.
593 3432 615 3462 c.
635 3415 667 3462 12
684 3417 696 3480 §t
711 3416 735 3465 5.

178 3501 203 3567 3)
240 3505 277 3554 ld.
297 3505 368 3556 Coras.
386 3509 421 3555 ad
434 3509 521 3572 Polyb.
542 3525 565 3556 e.
585 3506 625 3556 21.

181 3595 206 3660 4)
242 3600 292 3649 Cic.
313 3602 387 3649 Tusa.
409 3602 438 3659 Q.
460 3602 502 3652 lll.
523 3601 556 3650 24
574 3610 601 3650 et
620 3602 661 3653 25.

179 3689 205 3754 5)
241 3694 290 3742 Cic.
310 3696 394 3756 Epist.
412 3696 447 3742 ad
463 3697 531 3745 Fam.
548 3698 566 3743 l.
581 3697 623 3746 Vl.
641 3699 684 3761 Ep.
697 3698 721 3747 3.

178 3782 204 3846 6)
240 3787 306 3834 Plut.
318 3787 390 3837 Coras.
401 3789 436 3835 ed
444 3791 527 3852 Apoll.
541 3807 563 3853 p.
575 3789 630 3839 106.
642 3793 667 3838 ll.
687 3792 722 3839 Cl.
738 3793 825 3855 Polyb.
838 3794 855 3839 l.
874 3792 896 3840 1.
912 3795 969 3841 ubi:
990 3779 1185 3865 ἕνάργὲστάτη
1233 3820 1237 3829 ’

143 3873 178 3936 δὲ
194 3880 243 3937 καὶ
252 3875 332 3961 μόνη
352 3876 527 3956 διδάσκαλος
544 3885 596 3942 eriri
611 3879 761 3946 δύνασθαι
776 3880 829 3960 τάς
843 3885 897 3966 τῆς
912 3882 1007 3968 τύχης
1020 3882 1186 3966 μεταβολὰς

141 3980 277 4058 γενναίως
299 3977 469 4061 ὑποφέρειν,
492 3981 510 4064 η’
534 3986 594 4044 τών
616 3983 777 4067 α’λλοτρίων
801 3990 987 4069 περιπετειῶν
1008 3984 1184 4070 ὑπόμνησις.
