2648 4844
657 318 677 377 ³

140 496 265 562 solandi
290 500 478 581 argumenta
510 496 712 582 rationesque
743 498 924 582 excogitare
947 520 984 561 ac
1011 498 1180 585 disponere

141 612 324 688 nitebatur,
354 611 451 673 immo
473 632 548 673 vero
570 611 603 672 in
625 611 661 672 iis
680 612 725 674 ita
747 610 952 675 elaborarunt
974 613 1178 700 philosophi,

141 735 176 788 u't
205 714 358 808 deinceps
384 723 608 808 philosophiae
636 724 764 788 moralis
783 724 869 788 haud
892 726 1005 811 exigua
1027 750 1099 812 pars
1121 728 1181 793 ha-

141 840 276 903 beretur
295 838 479 902 consolatio.
504 838 711 901 Praeiv'erunt
734 850 838 903 tamen
858 840 895 901 iis
917 861 955 903 ac
978 834 1077 905 veluti
1097 844 1179 907 viam

143 960 357 1017 monstrarunt
377 951 443 1030 alii,
474 973 555 1036 quos
573 950 635 1014 hoc
656 951 728 1015 loco
758 952 897 1016 breviter
929 974 1179 1019 commemorare

142 1066 227 1131 ha'ud
248 1067 304 1131 a'hs
327 1078 360 1128 re
383 1074 449 1128 ess‘e
472 1063 608 1128 videtur.

184 1178 227 1244 Ut
245 1181 280 1243 in
298 1178 395 1240 n'ullis
412 1200 474 1240 non
493 1178 604 1256 rebus,
621 1178 666 1240 sic
684 1199 815 1263 quoque
833 1179 867 1241 in
885 1178 956 1242 loco
976 1178 1015 1242 de
1034 1183 1181 1246 consola-

144 1294 226 1356 tione
238 1291 443 1378 philosophos
458 1282 700 1376 praecesserunt
710 1303 834 1375 poetae.
855 1293 1094 1359 Vetustissimos
1105 1296 1178 1375 ille,

144 1407 291 1493 idemque
312 1405 563 1490 simplicissimus
585 1405 746 1482 omniunt,
770 1407 926 1469 Homerus
948 1406 1109 1472 Achillem
1130 1410 1179 1472 in-

143 1522 231 1585 ducit
263 1508 425 1584 Priamum
457 1519 497 1583 de
526 1528 629 1584 m'orte
660 1521 805 1583 Hectoris
836 1504 1053 1585 consolantem
1084 1523 1179 1608 eique

143 1635 384 1720 persuadentem
403 1635 487 1698 hono
512 1634 551 1696 sit
578 1635 701 1711 animo,
727 1656 828 1719 quum
848 1644 965 1697 sortem
984 1634 1073 1699 illam
1095 1635 1179 1699 divi-

144 1752 225 1815 nitus
246 1750 418 1813 immissam
439 1746 580 1834 lugendo
600 1759 723 1811 mutare
740 1743 971 1831 nonpossit¹);
997 1758 1066 1812 tum
1084 1750 1179 1812 etiam

141 1863 173 1927 in
193 1863 394 1927 memorabili
415 1863 472 1926 illo
504 1861 544 1925 de
565 1863 712 1926 Hectoris
734 1862 774 1925 ab
795 1861 1018 1925 Andromacha
1037 1862 1177 1926 discessu

141 1978 234 2058 loco,
257 1977 351 2041 illum
378 1978 456 2040 facit
488 1982 619 2040 uxorem
651 1997 762 2054 suam,
796 1987 873 2039 utne
896 1976 1027 2060 lugeat,
1062 1976 1180 2039 adhor-

140 2103 271 2170 tantem,
295 2114 369 2155 cum
391 2113 484 2154 nemo
504 2091 695 2168 inveniatur,
719 2090 775 2175 qui
795 2090 897 2153 saturn
913 2111 1006 2153 suum
1022 2090 1178 2175 aufugere

139 2207 249 2292 possit.
260 2202 286 2291 ²)
307 2205 465 2268 Latiorem
487 2203 603 2267 deinde
624 2203 720 2286 hujus
742 2203 805 2267 loci
828 2202 1008 2288 explicandi
1029 2225 1179 2287 campum

139 2319 324 2384 habuerunt
350 2330 463 2403 poetae
482 2306 569 2382 ¹cunr
596 2318 730 2404 elegiaci
752 2328 821 2381 tum
846 2318 964 2402 lyrici,
998 2317 1179 2400 inquibus
1240 2392 1242 2397 Ι

139 2433 337 2498 memorandi
356 2444 430 2496 sunt
450 2426 524 2496 ante
543 2453 651 2495 omnes
672 2430 885 2495 Archilochus
899 2427 924 2516 ³)
950 2442 981 2493 et
1003 2428 1177 2506 Pindarus,

140 2550 198 2634 qui
216 2539 353 2638 θρήνοις
374 2536 437 2611 suis
470 2630 476 2663 ²

374 2738 462 2786 Flebili
477 2753 582 2801 sponsae
598 2739 753 2800 Juvencmve
769 2740 869 2800 raptum

372 2832 473 2893 Plorat,
490 2837 517 2879 et
535 2832 599 2879 vireo
613 2832 777 2892 animumque
794 2846 928 2891 moresque

374 2927 470 2974 Aureoe
488 2925 576 2973 educit
593 2925 620 2972 in
638 2931 719 2986 notra,
737 2925 862 2984 nigroque

489 3019 589 3067 Invidet
611 3034 687 3066 orco:
704 3010 728 3078 4)

144 3202 348 3216 -....,..-..-.

178 3331 202 3396 1)
237 3331 547 3383 rrua.xrv1.vs.5na.

177 3441 203 3506 h)
237 3443 359 3491 mitti.
386 3459 421 3491 va.
442 3441 500 3491 486.
527 3442 563 3490 Cf.
582 3443 672 3488 Petrus
690 3441 722 3488 ln
738 3440 812 3487 Scine
831 3439 862 3486 do
878 3440 983 3486 Honori
1005 3439 1137 3501 Ncpentto
1154 3437 1181 3485 in

146 3538 252 3585 Gronov.
271 3537 331 3584 Ant.
352 3539 440 3586 Graec.
456 3538 527 3584 Thes.
544 3536 600 3583 Vol.
620 3536 670 3597 XI,
690 3550 715 3598 p.
730 3532 799 3580 1275
815 3549 871 3595 sqq.

177 3645 202 3711 3)
238 3649 274 3697 Cf.
295 3649 391 3697 dehoc
410 3646 631 3713 poetaWyttenb.
647 3645 679 3693 ad
698 3644 765 3693 Plut.
785 3660 811 3708 p.
827 3641 861 3690 23
880 3643 934 3690 A&
951 3642 1011 3690 Bet
1028 3657 1052 3704 p.
1069 3638 1102 3686 33
1118 3639 1145 3686 B.

178 3757 203 3822 4)
239 3759 324 3807 Horat.
337 3761 418 3807 Corm.
436 3760 453 3807 l.
468 3760 502 3806 tv
518 3759 563 3805 0d.
581 3757 601 3820 2
610 3772 646 3804 ve.
655 3754 686 3803 21
702 3755 747 3803 ΟΕ.
758 3737 1001 3826 ᾱοθρήνοιςὴίεοθ
1012 3751 1084 3798 Dion.
1093 3746 1180 3810 Halys.

146 3852 282 3902 AraIthct.
301 3870 324 3901 o.
340 3852 365 3902 6.
381 3853 437 3900 Vol.
457 3853 486 3900 V.
506 3869 530 3916 p.
547 3849 607 3898 250.
636 3849 680 3898 Ed.
696 3849 781 3896 Reiak.
799 3852 825 3894 et
843 3845 976 3908 Wyttenb.
996 3844 1072 3905 Disp.
1093 3841 1124 3888 de
1139 3856 1180 3888 aa.

146 3946 211 3995 imm.
232 3948 259 3995 in
282 3948 374 4012 Opuao.
403 3945 459 3994 Vol.
477 3946 517 4006 11,
539 3960 563 4008 p.
583 3942 643 3991 538.
665 3947 791 3989 etonnot.
809 3941 840 3986 od
859 3938 926 3986 Plut.
953 3936 1026 3984 Coos.
1045 3935 1080 3982 ad
1096 3933 1181 3998 Apoll.

147 4053 170 4100 p.
190 4038 278 4088 121c.
