2648 4844
643 319 685 380 65

138 485 234 560 πόλιν
256 485 435 575 ἀτείχιστον
462 489 619 575 οἰκοῦμεν.
634 493 659 580 ¹)
692 495 838 581 Cumque
866 497 910 560 ita
932 498 1136 579 ostendisset,
1164 521 1181 562 e

138 628 249 672 rerum
270 618 385 669 natura
404 626 532 669 necesse
553 627 642 686 esse,
665 619 702 671 ut
720 629 805 693 qnae
827 607 1019 688 habeamus,
1050 613 1182 677 amitta-

137 742 210 783 mus
227 731 355 803 postea‚
374 729 409 781 ut
429 717 509 781 adeo
527 719 655 782 tandem
674 742 758 783 mors
777 722 868 784 nobis
887 723 927 786 sit
939 722 1103 802 obeunda,
1124 724 1181 789 do·

139 833 243 896 cuisse
264 830 379 894 deinde
400 831 526 894 videtur
546 854 698 911 sororem,
720 844 755 896 ut
773 855 841 896 eam
862 834 901 896 de
927 835 1098 899 immaturo
1122 837 1180 900 filii

138 946 230 1009 obitu
260 945 497 1021 consolaretur,
528 945 623 1008 vitam
642 946 769 1009 beatam
787 969 851 1009 non
872 948 913 1010 ab
933 947 1000 1010 eius
1020 947 1182 1012 diuturni-

138 1070 205 1123 tate
234 1057 392 1143 pendere,
421 1057 476 1120 sed
495 1081 512 1121 a
532 1057 642 1137 honis,
674 1059 792 1144 quibus
821 1061 855 1121 in
884 1061 945 1123 vita
964 1061 1180 1145 gaudeamus:

139 1161 181 1234 οὔ
200 1172 368 1255 μακαριεῒς
388 1159 443 1233 τόν
465 1158 612 1255 γέροντα,
640 1160 714 1232 καθ’
740 1163 817 1234 ὅσον
844 1161 1011 1257 γηράσκων
1031 1171 1181 1258 τελευτᾷ,

139 1268 206 1342 ἀλλ’
231 1275 260 1341 εἰ
280 1282 350 1350 τοῖς
372 1269 512 1362 ἀγαθοῖς
534 1269 827 1364 σομτιετιλὴοιοιαι·
857 1277 948 1344 ἕνεκα
974 1272 1035 1366 yolo
1063 1271 1181 1366 χρόνον

139 1379 258 1460 πάντες
268 1384 360 1469 ἐσμὲν
379 1379 512 1474 ἄδωρον.
522 1385 547 1474 2)
574 1390 683 1475 Neque
693 1389 811 1453 oblitus
821 1390 1073 1456 estlletrodorus
1084 1393 1117 1455 in
1127 1392 1184 1457 illa
1207 1378 1210 1383 ⁵

139 1501 272 1585 epistola
288 1500 471 1585 praecepti,
488 1502 575 1587 quod
594 1502 769 1566 tradiderat
784 1504 943 1589 Epicurus
955 1553 963 1583 ,
976 1505 1183 1570 minuendam

139 1634 207 1675 esse
226 1611 480 1698 aegritudinem,
511 1626 574 1678 tam
593 1616 778 1679 avocatione
795 1639 813 1679 a
831 1617 1001 1702 cogitanda
1020 1618 1180 1697 molestia,

139 1747 237 1811 quam
249 1726 449 1815 revocatione
459 1727 499 1790 ad
510 1728 770 1812 contemplandas
781 1731 970 1814 voluptates.
994 1732 1081 1795 Haec
1098 1731 1183 1793 enim

139 1839 208 1902 eius
227 1840 383 1902 sententia
401 1862 419 1902 a
440 1841 562 1904 Seneca
582 1842 751 1905 laudatur:
780 1843 939 1923 μιχθεῖσα
955 1831 1052 1928 ἦδονὴ
1068 1835 1184 1928 ἆηδεὶᾳ

139 1972 189 2024 τις
210 1940 271 2036 γάρ
294 1947 375 2028 ἐστί,
407 1971 460 2015 σοι
481 1949 540 2032 μὲν
567 1943 702 2039 ζητητέα
728 1944 809 2015 κατὰ
835 1950 950 2015 τοῦτον
976 1945 1032 2014 τόν
1057 1942 1182 2038 scopos,

140 2083 204 2148 qua
228 2050 386 2125 intellexit
404 2062 517 2146 procul
538 2062 635 2127 dubio
656 2064 840 2127 memoriam
858 2084 986 2140 eorum,
1006 2084 1086 2148 quos
1103 2061 1182 2126 ami·

140 2175 235 2253 seris,
273 2197 450 2261 eorumque
469 2198 652 2240 sermonum
670 2199 708 2240 ac
729 2176 855 2260 pietatis
875 2175 1138 2239 recordationem.
1153 2171 1180 2260 ³)

141 2288 226 2368 Quid
244 2299 351 2351 autem
378 2301 543 2375 praeterea
561 2290 600 2352 ad
620 2288 845 2353 consolandam
863 2309 1003 2351 sororem
1020 2286 1182 2365 attulerit,

141 2401 324 2487 ignoramus
340 2401 456 2481 hodie,
482 2425 584 2488 quum
607 2403 741 2488 epistola
763 2402 819 2464 illa
837 2401 878 2464 ab
901 2422 963 2463 uno
986 2411 1109 2464 tantum
1125 2400 1182 2462 Se-

141 2537 221 2579 neca
244 2514 413 2595 laudetur3
447 2517 602 2601 suspicari
622 2537 696 2578 vero
718 2516 811 2592 licet,
824 2513 925 2576 multa
944 2534 1018 2576 eurn
1041 2525 1073 2576 et
1089 2533 1181 2597 prae·
1245 2561 1256 2581 .

141 2630 227 2694 clara
244 2628 293 2691 his
320 2628 495 2708 addidisse,
527 2651 627 2715 quum
646 2629 833 2693 felicitatem
853 2637 1021 2703 statueret,
1042 2624 1142 2710 magis
1162 2647 1181 2688 a

142 2743 343 2827 nobisipsis,
362 2765 494 2829 quamn
514 2743 641 2806 fortuna
661 2736 858 2827 pendere,⁴)
892 2737 1100 2823 eiusdemque
1119 2737 1182 2801 hoc

178 3077 208 3141 1)
245 3077 312 3125 Stob.
331 3077 400 3126 Flor.
417 3077 457 3126 tit.
472 3074 530 3138 118,
545 3074 587 3125 33.

177 3170 208 3235 2)
245 3171 314 3220 ssob.
329 3169 392 3239 thid,
412 3168 452 3220 tit.
471 3168 531 3231 116,
550 3166 592 3219 42.

177 3264 203 3326 3)
239 3266 335 3312 Seneca
351 3265 437 3327 Epist.
450 3261 513 3327 99§.
524 3261 566 3310 22.
585 3263 680 3311 Graeca
693 3261 769 3309 verba
782 3259 970 3324 displicuerunt
983 3257 1182 3323 interpretibus,
1256 3278 1265 3295 =

137 3332 189 3422 ¹qui
208 3359 306 3421 aliquid
325 3358 446 3406 excidisse
462 3361 572 3422 putant,
597 3362 731 3421 propterea
749 3353 818 3415 quod
836 3353 905 3400 illam
924 3351 1075 3399 sententium
1090 3351 1183 3402 deinde

145 3452 275 3516 impugnat
300 3453 409 3513 Seneca,
432 3451 493 3498 licet
517 3450 603 3514 paullo
627 3449 743 3513 superius
770 3447 783 3511 d
807 3445 840 3494 18
865 3444 970 3493 eundem
995 3442 1182 3506 collaudasset,

144 3546 244 3594 dicens:
262 3548 330 3592 inest
344 3545 465 3607 quiddam
480 3545 555 3591 dolce
565 3546 710 3604 tristitiae,
727 3556 802 3604 quom
815 3544 950 3586 occurrunt
961 3551 1086 3583 semones
1099 3551 1183 3583 eorum

137 3639 253 3705 jucundi
260 3676 266 3700 ,
283 3641 441 3686 conversatio
455 3639 560 3699 hilaris,
577 3636 686 3700 officioso
694 3637 795 3699 pictos,
807 3640 867 3679 tenc
883 3632 952 3679 oculi
961 3632 1032 3677 velut
1044 3631 1073 3676 ι’νι
1083 3629 1183 3695 gaudio

145 3733 303 3779 relocantur.

97 3841 102 3848 ·
180 3824 204 3888 l)
241 3826 297 3875 Vid.
314 3825 394 3875 l'letn.
416 3823 622 3871 illenlslrom.
640 3840 664 3887 p.
680 3819 743 3883 417,
760 3821 805 3883 qui
824 3821 878 3867 eins
891 3819 985 3866 librum
1001 3816 1087 3863 laudet
1109 3803 1185 3885 Περὶ

146 3918 199 3978 τοῦ
223 3915 346 3996 μα’ζονα
375 3910 445 3977 εἶναι
471 3910 526 3996 τήν
552 3908 620 3997 παρ’
646 3908 727 3994 ἡμᾶς
754 3911 849 3974 αἰτίαν
875 3905 952 3993 προς
983 3904 1183 3987 εὐδαιμονίαν,

146 4019 200 4099 τῆς
223 4017 254 4080 ἐκ
275 4020 335 4081 ταῖν
357 4011 547 4099 πραγμάτιον.

974 4119 994 4177 5
