2648 4844
600 350 642 410 39

99 529 182 593 ratio
205 529 230 591 si
243 548 352 590 revera
374 529 405 588 in
428 526 570 592 Eudemo
593 528 769 591 Aristotelis
789 527 872 606 fuit,
896 527 1051 590 credibile
1073 541 1136 607 est,

100 641 350 727 philosophum,
381 653 549 725 postquam
571 652 681 725 egerat
701 640 742 703 de
763 641 860 703 animi
879 641 1136 720 immortalitate,

101 778 167 841 quo
187 754 340 837 majorem
362 754 559 839 argumentis
578 755 642 816 suis
660 728 703 817 ac⁰
720 753 986 838 disputationibus
1005 753 1137 816 adderet

101 869 335 944 auctoritatem,
358 866 442 929 bano
460 867 493 928 in
515 867 689 949 posteriore
708 866 827 952 dialogi
845 879 935 952 parte
955 865 1137 950 proposuis-
1229 878 1231 883 ’

100 1004 153 1061 se,
186 992 223 1044 ut
241 981 285 1043 ita
307 981 398 1065 quasi
418 979 524 1042 dirimi
544 980 698 1042 sententiat
719 1002 808 1042 suam
830 980 870 1042 de
889 981 995 1043 animo
1017 956 1138 1042 doctri-

100 1116 175 1156 nam
197 1094 438 1169 corroboraret,
462 1103 493 1155 et
516 1092 660 1173 defuncti
676 1103 794 1155 sortem
811 1093 1024 1155 beatissimam
1035 1072 1137 1175 ¹prae-

100 1184 235 1273 dicaret.
256 1202 281 1292 ¹)
331 1206 413 1268 Sunt
439 1205 540 1286 haec,
574 1227 657 1291 quae
684 1205 723 1267 de
753 1203 896 1268 Eudemo
928 1226 965 1267 ex
997 1205 1137 1289 antiquis

102 1319 232 1383 efficere
265 1319 358 1399 licet,
395 1319 435 1382 de
468 1319 571 1404 elegia
600 1330 728 1398 autem,
760 1339 858 1404 quam
888 1318 929 1381 ad
957 1317 1137 1381 Eudemum

100 1432 265 1516 scripsisse
282 1432 468 1495 Aristoteles
490 1432 630 1510 dicitur,
661 1453 825 1518 quamque
847 1431 994 1495 nonnulli
1020 1431 1054 1492 in
1075 1430 1137 1494 hoc

101 1545 231 1630 dialogo
260 1546 357 1608 fuisse
387 1545 576 1629 perhibent,
621 1546 701 1608 nibil
734 1544 907 1608 dicendum
940 1545 1135 1623 censuimus,
1195 1546 1198 1557 '

23 1713 26 1717 ,
101 1659 255 1744 quoniam
277 1679 340 1722 non
357 1639 561 1722 Aristotelem
588 1669 775 1741 scriptorem
798 1657 968 1734 habuisse,
1001 1656 1056 1719 sed
1078 1678 1136 1740 po·

100 1771 242 1834 sterioris
258 1769 328 1835 seii
349 1772 454 1834 foetus
472 1793 510 1846 ac
532 1771 648 1834 deinde
669 1772 703 1832 iu
724 1770 902 1834 Aristotelis
922 1769 1064 1834 carmina
1085 1789 1136 1832 re-

101 1885 165 1948 lata
188 1905 256 1947 esse
275 1880 475 1970 videnum).

146 1998 325 2061 Aristotelis
350 1996 595 2081 philosophandi
617 1998 774 2060 rationem
792 2017 830 2060 ae
849 1995 1027 2059 doctrinam
1045 2018 1137 2060 secu·

102 2124 153 2175 tus
172 2123 205 2174 et
220 2112 379 2196 professus
402 2121 448 2172 est
471 2109 730 2194 Theophrastus,
747 2111 891 2173 eiusdem
910 2120 941 2171 et
959 2109 1138 2194 discipulus

101 2236 135 2288 et
154 2226 189 2288 in
205 2225 309 2310 Lyceo
328 2245 503 2290 successor.
521 2224 654 2308 Scripsit
675 2234 782 2287 autem
800 2224 930 2301 librum,
951 2223 1004 2285 cui
1025 2223 1137 2285 titulus

102 2314 172 2400 erat
189 2333 414 2421 Καλλισθένης
439 2329 459 2424 ἢ
481 2333 560 2421 περὶ
582 2333 740 2414 πένθους,
774 2358 872 2421 quem
897 2335 993 2398 hodie
1022 2334 1136 2419 deper-

101 2450 217 2529 ditum,
250 2448 307 2512 diu
335 2448 451 2512 dubius
473 2449 571 2526 haesi,
592 2470 670 2510 nnm
685 2448 718 2509 in
735 2448 952 2512 consolatoriis
969 2467 1137 2511 enumera·

102 2584 171 2626 rem
189 2562 325 2646 scriptis.
350 2561 637 2646 AWyttenbachio
650 2561 734 2624 enim
752 2561 888 2646 aliisque
905 2560 1138 2625 recentioribus

102 2675 144 2740 ad
166 2686 310 2739 nostrum
336 2685 563 2760 argumentum
596 2674 807 2736 communiter
837 2675 950 2736 referri
979 2673 1137 2752 videbam,

102 2810 301 2875 quamquam
322 2791 405 2852 inter
424 2788 528 2852 libelli
548 2788 728 2872 fragmenta
748 2799 958 2873 veterumque
977 2786 1017 2850 de
1034 2809 1071 2851 eo
1084 2786 1138 2871 ju·

137 3033 165 3101 1)
200 3037 330 3086 Affirmure
346 3042 431 3086 tamen
449 3054 501 3085 non
517 3037 613 3098 ausim,
628 3053 672 3098 ea,
691 3052 756 3099 quae
776 3037 853 3084 refert
869 3036 969 3098 Cicero,
986 3035 1012 3081 in
1028 3034 1140 3082 Eudemo

104 3132 248 3180 Aristotelis
266 3132 358 3192 fuisse,
378 3145 459 3192 quum
478 3136 620 3194 opportune
637 3147 667 3178 es
681 3145 820 3178 memorare
839 3130 952 3192 potuerit
967 3129 994 3174 in
1012 3128 1077 3175 libro
1094 3142 1140 3174 suo

90 3226 136 3273 >ds
155 3225 315 3272 &vimtiooe
328 3239 377 3287 per
393 3240 512 3272 soranum.
538 3225 607 3272 licet
621 3226 690 3272 enim
705 3224 747 3272 hic
761 3224 827 3271 liber
841 3224 950 3286 supersit
965 3228 991 3270 et
1004 3222 1074 3269 nulla
1090 3224 1142 3270 Eu-

103 3321 173 3368 demi
193 3319 221 3366 in
245 3334 275 3366 eo
299 3319 344 3366 fiat
366 3319 477 3380 mentio,
501 3318 622 3366 excidisse
644 3323 728 3365 tamen
744 3333 773 3364 ea
789 3321 929 3380 potuerunt
943 3333 957 3362 e
972 3331 1027 3380 cup.
1044 3315 1080 3375 2,
1097 3315 1140 3364 ubi

105 3413 261 3460 mentionem
286 3411 347 3458 feeit
373 3427 476 3473 eorum,
510 3412 554 3473 qui
578 3411 689 3458 futuram
713 3410 913 3457 necessariorum
938 3407 979 3454 vel
1002 3408 1140 3454 amicorum

104 3510 199 3553 sortem
214 3505 241 3552 in
256 3520 344 3552 somno
363 3504 519 3567 praevident.
843 3564 846 3570 Ι
1135 3535 1140 3543 .

138 3593 165 3659 2)
200 3597 328 3660 Incepisse
344 3597 410 3644 hune
426 3598 531 3658 elegiam
548 3597 631 3644 verbis
648 3578 851 3663 Καλλιτὲχνου
866 3579 984 3665 μητρός
999 3577 1141 3660 θύγατερ,

105 3690 181 3738 docet
198 3691 269 3752 lliog.
286 3691 367 3738 baert.
389 3691 419 3738 V.
442 3688 483 3736 2⁷.
512 3691 690 3751 Fragmentum
711 3693 796 3736 autem
812 3688 867 3734 eius
885 3687 962 3732 refert
981 3684 1141 3747 Olympiodo-

107 3800 149 3831 rus
163 3784 195 3832 sd
213 3784 348 3846 Gorgiam,
365 3783 434 3846 quod
447 3783 505 3830 ideo
521 3784 553 3831 ab
565 3783 701 3830 Aristotele
719 3798 770 3829 non
787 3780 932 3828 confectum
954 3777 1035 3824 credit
1059 3777 1141 3825 Buble

107 3876 190 3925 Arist.
212 3879 273 3941 epp.
289 3879 310 3925 1.
321 3894 345 3940 p.
361 3876 404 3939 53,
421 3877 489 3940 quod
506 3877 532 3923 in
543 3892 572 3923 eo
588 3877 662 3923 tertia
675 3890 781 3938 persona
797 3873 828 3920 de
845 3867 871 3919 se'
887 3871 1010 3933 loquitur,
1025 3871 1070 3931 qui
1088 3874 1141 3917 mos

107 3971 156 4018 luit
180 3971 347 4034 posteriorum
372 3973 511 4034 potiturum.
538 3969 647 4016 Eandem
669 3968 820 4016 sententiam
841 3965 955 4016 defendit
979 3963 1090 4012 Carriere
1112 3963 1145 4010 de

108 4063 247 4111 Aristotele
263 4064 382 4112 Plutonis
393 4065 481 4111 arnico.
502 4079 526 4126 p.
546 4061 586 4110 18.
