2648 4844
704 294 746 354 94

203 475 250 558 argi
274 463 411 553 samiam
434 472 610 554 ξυμβαίνει.
646 474 726 555 Apte
754 475 839 534 enim
857 472 1032 555 Sophocles
1049 483 1154 535 aetate
1173 493 1248 556 pro-

207 601 333 664 vectus,
357 588 590 669 interrogatus,
617 609 691 648 num
716 587 932 669 voluptatibus
959 586 1064 648 adhuc
1082 597 1245 648 uteretur:

206 704 280 780 „Dii
300 700 449 776 meliora,
470 701 591 785 inquit,
613 700 761 761 lubenter
773 688 847 762 vero
860 701 969 775 istinc,
984 712 1139 784 tanquam
1155 722 1172 761 a
1189 699 1247 761 do-

185 819 291 885 mino
314 815 430 898 agresti
443 837 480 876 ac
493 814 635 890 furioso,
657 814 823 897 profugi.'‘
858 814 965 897 Atque
984 815 1027 874 ita
1051 835 1162 875 revera
1183 835 1247 875 sese

207 952 255 991 res
278 928 392 1002 hahet,
419 926 609 1010 cupiditates
639 928 723 988 enim
743 926 946 989 dominorum
966 927 1065 989 instar
1086 927 1247 989 hominem

207 1054 344 1126 regunt,
370 1053 401 1103 et
418 1041 483 1123 huc
505 1041 584 1102 illuc
605 1041 753 1118 trahunt3
778 1040 952 1103 accedente
969 1061 1043 1102 vero
1063 1052 1246 1116 senectute,

207 1160 238 1217 in
259 1156 437 1217 libertatem
459 1156 638 1216 restituitur
667 1154 760 1216 homo
783 1155 897 1238 suique
930 1153 966 1216 fit
993 1176 1133 1237 compos.
1181 1155 1248 1216 Mo·
1301 1218 1307 1226 ζ

208 1292 256 1333 res
295 1279 458 1353 practerea
498 1269 656 1352 cuiusque
687 1279 783 1351 atque
814 1269 875 1329 vita
910 1280 1039 1351 peracta
1072 1269 1249 1352 praecipua
1304 1340 1308 1345 Ι

208 1396 254 1446 est
275 1405 405 1458 caussa,
431 1403 531 1465 quare
563 1382 733 1443 instantem
763 1393 897 1444 mortem
926 1380 979 1444 alii
1004 1392 1171 1457 metuant,
1196 1380 1249 1442 alii

207 1518 318 1558 sereno
351 1496 455 1558 animo
486 1506 679 1577 exspectent.
717 1495 922 1579 Quicumque
945 1497 1029 1557 enim
1049 1495 1168 1574 injuste
1186 1495 1250 1578 egit

209 1613 241 1672 in
258 1611 341 1686 vita,
367 1609 488 1671 etiamsi
519 1618 612 1670 antea
630 1607 777 1670 deriserit
797 1608 942 1685 fabulas,
971 1631 1054 1690 quae
1077 1609 1118 1671 de
1139 1607 1249 1670 inferis

206 1726 373 1800 feruntur,
407 1734 512 1785 tamen
541 1722 598 1784 ubi
627 1723 758 1806 propius
790 1744 859 1785 eam
890 1723 1000 1785 abesse
1031 1723 1249 1805 reputaverit,

208 1838 339 1914 metuit,
360 1858 399 1898 ne
422 1837 487 1898 veri
505 1835 584 1919 quid
603 1837 640 1896 iis
660 1837 753 1912 insit,
778 1833 831 1897 καὶ
854 1832 887 1896 ἐκ
908 1819 979 1897 sair
992 1826 1115 1910 ὕπνων,
1136 1825 1250 1918 ὥσπερ

206 1948 240 2013 οἱ
259 1948 396 2025 παῖδες,
425 1936 520 2027 θαμά
546 1937 759 2032 ἐγειρόμενος,
784 1943 940 2026 δειμαίνει
957 1942 1010 2008 καὶ
1030 1942 1080 2028 ζῇ
1091 1935 1176 2025 μετὰ
1197 1968 1252 2006 κα-

206 2059 262 2145 κῆς
282 2055 428 2134 ἐλπίδος,
453 2060 510 2142 qui
530 2081 603 2122 vero
626 2059 745 2122 nullius
765 2058 902 2139 injuriae
925 2057 984 2120 sihi
1014 2057 1163 2121 conscius
1183 2069 1251 2133 est,

208 2171 236 2233 ei
258 2160 351 2255 ἡδεῖα
371 2166 463 2241 ἐλπὶς
479 2161 531 2232 olel
553 2160 695 2255 πάρεστι
714 2169 768 2232 καὶ
784 2161 893 2256 ἀγαθή
911 2158 1129 2256 γηροῑρὸφος.
1164 2172 1252 2233 Haec

206 2284 248 2359 >de
268 2283 440 2345 senectutis
467 2283 558 2344 malis
580 2282 756 2366 Cephalum
778 2281 940 2345 dicentem
963 2282 1039 2345 lacit
1062 2283 1176 2359 Plato,
1199 2286 1252 2348 cui

209 2397 457 2461 consolationem
489 2418 526 2459 ea
554 2395 594 2459 de
619 2417 653 2458 ro
678 2395 839 2459 scribendi
867 2418 929 2457 non
949 2396 1009 2459 fuit
1027 2398 1251 2480 propositum,

158 2519 163 2532 '
207 2511 262 2574 sed
295 2512 399 2596 potius
426 2509 559 2594 parandi
589 2531 785 2587 sermonem,
811 2531 908 2594 quem
925 2508 1041 2572 deinde
1063 2510 1103 2573 de
1125 2511 1252 2592 justitia

207 2627 411 2688 instituturus
433 2635 511 2687 erat.

253 2739 350 2801 Missis
369 2749 482 2801 autem·
498 2735 725 2820 Theophrasto
737 2733 762 2822 1)
783 2750 814 2800 et
830 2735 994 2811 Aristono
1012 2733 1152 2822 Chio‚²)
1169 2760 1253 2823 quo-

210 2875 279 2915 rum
311 2852 429 2934 scripta
452 2849 532 2938 περὶ
555 2841 662 2936 γήρως
694 2851 789 2914 hodie
823 2875 951 2935 prorsus
984 2854 1168 2936 perierunt,
1193 2875 1254 2916 ac-

209 2966 359 3029 cedamus
389 2966 429 3028 ad
463 2965 660 3028 Musonium
687 2964 841 3049 Rufum,
876 2965 1096 3049 philosophiae
1123 2967 1254 3031 Stoicae

207 3079 392 3156 addictum,
419 3099 515 3162 quem
536 3078 690 3140 Stohaeus
707 3078 827 3141 librum
852 3080 1075 3162 conscripsisse
1092 3079 1173 3144 dicit
1192 3082 1256 3144 sub

244 3352 269 3416 1)
305 3355 406 3402 Librum
424 3343 490 3425 περὶ
508 3339 607 3425 γήρως
623 3357 649 3401 in
665 3355 719 3401 eius
733 3355 832 3417 scriptis
849 3362 965 3403 recenset
981 3356 1051 3416 Diog.
1064 3357 1144 3403 Laert.
1164 3358 1193 3404 V.
1210 3354 1255 3405 42.

208 3449 330 3497 hleursius
351 3449 376 3496 in
400 3449 572 3510 Theophrasto
593 3448 662 3513 (hut.
681 3450 723 3498 Gr.
739 3449 859 3495 Gronovii
877 3450 933 3496 Vol.
950 3446 991 3510 X.)
1011 3466 1035 3512 p.
1050 3448 1111 3512 631,
1125 3443 1256 3511 fragmen-

209 3549 278 3605 tum,
290 3543 359 3605 quod
372 3536 451 3590 exstat
467 3542 533 3605 apud
550 3543 618 3590 stab.
631 3543 699 3589 Flor.
717 3543 756 3590 tit.
774 3541 822 3605 12,
839 3541 871 3589 20
890 3528 964 3612 ἁνήρ
980 3533 1020 3606 εἰς
1039 3533 1257 3611 Attxkd'at'ptot'a

207 3649 232 3686 κ.
248 3649 274 3685 τ.
291 3629 315 3685 h.
335 3652 364 3683 cx
380 3637 543 3698 Theophrasti
560 3651 636 3698 opere
646 3636 789 3683 desumtum
807 3636 947 3697 existimat,
967 3637 1009 3683 sed
1023 3639 1157 3685 helianum
1176 3639 1256 3686 huius

209 3730 359 3776 narrationis
377 3735 506 3776 auctorem
523 3745 592 3783 esse.
615 3730 658 3775 alii
680 3729 847 3793 prodiderunt
861 3729 976 3791 codices,
1000 3731 1140 3795 eademque
1157 3733 1255 3793 legitur

209 3823 276 3884 apud
290 3806 494 3869 aelianum'var.
514 3823 574 3869 llist.
593 3824 648 3869 Vll.
669 3821 709 3869 20.

245 3913 269 3978 2)
306 3917 355 3963 Cic.
371 3916 401 3962 de
413 3917 510 3962 Senoot.
527 3932 550 3962 o.
567 3914 592 3976 1,
608 3917 652 3963 uhi
662 3917 805 3964 Aristonem
821 3918 893 3980 dicit,
908 3919 934 3963 in
951 3917 1051 3977 dialogo
1065 3918 1096 3964 de
1107 3926 1253 3981 sersectnte,

210 4025 309 4057 omnem
329 4025 469 4055 sermonem
487 4010 605 4055 tribuisse
623 4011 738 4059 Tithono.
768 4003 769 4006 Ἰ
