2648 4844
650 348 669 405 ⁷

140 526 313 602 Cicerone,
339 524 447 587 rhetor
464 525 616 610 antiquus
632 526 666 588 in
681 527 792 619 primis
806 528 932 607 nobilis,
947 530 1179 595 laudationem

137 639 268 701 coortis
285 636 526 722 scripsit,quae
537 638 704 702 constabat
714 642 954 705 enumeratione
964 642 1178 708 humanorum

138 746 346 836 maloruml)
371 751 442 814 Huc
461 752 539 813 item
555 751 741 816 referendae
759 766 832 816 sunt
848 754 1177 842 Dionislihrysostomi

139 865 300 951 orationes
329 863 541 928 sextadecima
562 859 642 949 περὶ
673 864 779 952 λυπῆς
795 878 827 930 et
847 865 1009 933 tricesima
1031 866 1179 956 Χαρίδη-

142 997 203 1060 μος
225 978 400 1062 inscripta,
432 976 472 1040 de
490 999 557 1063 quo
574 977 659 1042 idem
674 981 889 1064 pronunciare
911 982 1006 1061 licet,
1029 981 1116 1068 quod
1138 981 1179 1045 de

145 1090 363 1155 hleidamanto
383 1088 511 1170 Cicero,
530 1091 608 1156 huic
630 1093 768 1156 rationes
791 1116 864 1173 cae,
888 1117 970 1180 quae
993 1081 1178 1182 eiquisitius

142 1205 379 1290 aphilosophis
406 1204 622 1291 colliguntur,
652 1205 843 1286 defuerunt,
881 1208 1009 1273 ubertas
1027 1211 1180 1273 orationis

143 1340 204 1382 non
225 1318 339 1385 deluit.
351 1315 378 1403 ¹)

185 1433 272 1513 Quas
295 1444 402 1496 autem
421 1432 463 1496 ad
485 1435 696 1522 moerentium
718 1435 838 1499 animos
857 1434 1024 1521 erigendos
1041 1437 1178 1501 rationes

80 1523 85 1532 ⁵
142 1545 355 1610 adhilnrcraut
366 1557 490 1630 poetae,
504 1557 536 1610 et
543 1568 661 1633 magna
673 1546 801 1611 dicendi
816 1549 847 1611 vi
856 1549 1014 1613 ornabant
1024 1560 1178 1629 oratores,

78 1716 83 1724 ,
141 1658 269 1723 easdem
284 1658 468 1744 philosophi
490 1659 602 1723 sedulo
623 1660 797 1746 colligere,
828 1661 916 1743 justo
939 1661 1050 1726 ordine
1072 1663 1178 1748 dispo·

141 1795 241 1852 nere,
271 1773 364 1837 variis
390 1773 657 1858 disputationibus
674 1775 828 1860 nonisque
846 1775 1043 1861 argumentis
1062 1774 1198 1852 confir,

140 1907 230 1950 mare
249 1887 452 1951 studuerant.
480 1887 696 1953 Conveniebat
713 1889 801 1951 enim
819 1887 881 1953 hoc
899 1888 1086 1953 consolandi
1108 1907 1178 1954 mu·
1267 1935 1279 1951 .

142 2023 200 2065 nus
219 2001 315 2085 plane
327 2022 402 2065 cam
417 2000 528 2064 studiis
546 2000 778 2087 philosophiae.
802 2002 882 2068 Cum
898 2005 983 2066 enim
999 2003 1079 2068 haec
1094 2012 1179 2066 esset

140 2115 364 2200 philosophiae
383 2116 510 2179 moralis
529 2117 658 2200 propria
681 2127 805 2196 natura,
819 2129 855 2180 ut
876 2118 1056 2203 inquireret
1073 2119 1107 2180 in
1129 2138 1179 2182 res
1252 2137 1259 2144 ·

141 2229 307 2308 humanas,
328 2228 529 2315 hominisque
550 2229 702 2309 indolem,
725 2208 917 2316 cupiditates
938 2230 1179 2318 atque‘ingeuii

74 2323 86 2335 ⁸
139 2345 305 2428 animique
325 2343 493 2406 facultates
515 2344 681 2427 explorare
711 2344 875 2422 studeret,
899 2365 963 2408 nou
988 2345 1094 2428 potuit
1115 2365 1179 2408 non

140 2457 181 2520 de
207 2458 300 2521 luctu
326 2478 458 2543 quoque
494 2477 613 2543 agere,
652 2469 684 2520 ct
723 2457 827 2544 qualis
864 2478 939 2520 vera
968 2467 1049 2520 essct
1080 2458 1199 2544 ipsius·

141 2582 280 2649 natura,
302 2569 466 2656 indagare.
491 2571 583 2656 Ipsae
595 2570 685 2650 adeo,
709 2571 872 2657 quibusin
894 2571 1087 2635 consolando
1109 2585 1180 2636 ute·

144 2685 282 2762 bantur,
305 2685 442 2748 rationes
460 2683 635 2770 pleraeque
657 2685 697 2748 ad
709 2683 944 2769 philosophiam
953 2685 1178 2769 pertinebant:

142 2800 188 2862 sic
210 2821 239 2864 r.
264 2799 406 2864 clocas
435 2797 475 2861 de
504 2799 692 2882 animipost
712 2810 848 2862 mortem
878 2798 1072 2878 conditione,
1094 2796 1181 2885 quod

144 3031 190 3095 15,
209 3031 234 3080 3.
252 3030 338 3080 Alium
352 3033 422 3080 hunc
436 3030 620 3094 Antiphontem
637 3046 690 3078 osse
709 3047 739 3078 ac
754 3028 851 3094 Sophili
864 3028 945 3077 lilium
962 3034 1036 3093 putat
1054 3029 1183 3078 Fabricius

144 3128 213 3176 Bibl.
225 3129 269 3174 Gr.
281 3128 301 3174 1.
312 3142 337 3190 p.
346 3124 406 3187 835,
421 3125 604 3173 Rhamnusium
618 3141 678 3172 vero
691 3125 794 3172 illorum
804 3140 947 3171 sermonum
959 3130 1090 3172 auctorem
1105 3124 1184 3173 habet

145 3220 206 3269 lud.
218 3220 344 3268 Cresoiius
358 3220 385 3267 in
397 3220 508 3266 Theatra
523 3225 635 3266 osterum
645 3219 719 3265 libet.
730 3218 756 3265 in
774 3218 848 3264 Tbcs.
859 3218 919 3264 Ant.
935 3219 978 3264 Gr.
989 3217 1045 3265 vot.
1060 3219 1090 3265 Χ.
1105 3236 1129 3282 p.
1140 3217 1182 3270 35.

143 3317 179 3364 Gi.
195 3315 319 3362 lleursius
334 3314 361 3360 in
380 3314 450 3361 Bibl.
461 3314 515 3362 Aa.
533 3313 560 3360 in
572 3313 646 3360 Thes.
657 3313 717 3359 Aut.
731 3314 774 3358 Gr.
792 3312 841 3359 vol.
856 3312 885 3358 Χ.
906 3328 930 3374 p.
944 3307 1020 3358 1422.
1040 3309 1128 3359 llirum
1144 3320 1183 3361 cst

148 3408 330 3457 Rhunkcnium
346 3408 372 3455 in
386 3409 462 3472 Disp.
479 3408 673 3471 deAutc'pbouto
686 3405 783 3453 nullam
799 3404 954 3451 mentionem
976 3404 1007 3452 dc
1022 3405 1077 3453 eius
1090 3390 1184 3481 τέχνῃ

143 3487 268 3566 α’λυπῖας
284 3503 382 3550 iecisse.
408 3504 556 3564 Fragmenta
574 3483 668 3563 autern,
690 3515 754 3562 quae
767 3498 933 3562 Antiphontis
951 3499 1184 3548 nomincStubaeus

146 3598 209 3645 nor.
228 3598 268 3645 ot.
287 3596 313 3659 s,
330 3592 356 3660 ⁷,
373 3597 413 3645 os.
430 3593 516 3658 ss,sa
527 3592 596 3643 aas
618 3595 661 3642 ne.
679 3594 754 3642 cares.
776 3572 859 3657 neeri,
881 3609 911 3640 ex
925 3593 979 3640 erus
996 3593 1064 3641 nnn
1081 3592 1184 3641 laudato

143 3691 259 3740 desumta
278 3692 406 3739 videntur.

177 3784 204 3849 1)
241 3785 293 3833 Cic.
312 3787 388 3847 Taso.
405 3785 435 3842 Q„
453 3785 473 3832 1.
484 3781 527 3847 48,
544 3799 610 3847 quac
623 3789 708 3831 autem
726 3783 762 3831 ibi
782 3786 939 3844 sequuntur,
959 3796 987 3827 ex
1004 3779 1185 3827 Alcidamantis

147 3881 212 3928 libro
231 3881 347 3929 desumta
367 3895 420 3927 esse
446 3884 539 3943 putant
563 3879 673 3941 interpp.
693 3877 725 3924 ad
746 3876 771 3923 h.
791 3875 808 3922 l.
838 3874 873 3922 De
889 3874 1064 3921 Alcidamautc
1085 3875 1185 3937 scripsit

144 3974 254 4037 Spengel
273 3975 300 4022 in
326 3975 381 4022 cius
408 3956 564 4048 συναγώγιη
591 3954 712 4039 eligutur.
748 3971 830 4030 Stutg.
846 3966 922 4018 1828.

180 4066 209 4129 2)
244 4069 294 4117 Cic.
316 4068 390 4116 Tisse.
412 4064 500 4126 Q.l.l.
