2648 4844
641 331 682 393 10

144 511 340 575 carcassensi
361 509 470 593 aliquo
499 508 593 575 modo
613 509 811 574 satisfactum
830 519 895 585 est,
915 507 1011 570 'carius
1031 502 1180 587 μέθοδος

143 615 327 704 ἐπιταφίων
346 620 508 709 hodieque
527 633 637 688 exstat.
660 624 732 706 lpse
749 621 862 687 Cicero
879 621 986 697 etiam,
1009 617 1084 681 data
1103 638 1179 701 ope-

144 753 201 810 ra,
232 732 320 798 hunc
352 735 459 800 locum
490 737 637 800 tractavit
666 736 773 821 deque
799 756 837 798 eo
856 735 986 819 egregie
1007 733 1125 795 meruit
1146 732 1179 793 io

138 846 603 928 7(111111111101111111111111111111111,
623 871 723 935 quae,
746 860 782 914 ut
801 871 924 912 summo
942 847 1074 932 quidem
1084 847 1180 931 wyt-

144 960 314 1028 tenbachio
338 961 464 1031 ridetur
476 1012 485 1042 ,
499 960 525 1050 ¹)
550 965 645 1049 plane
662 963 704 1026 ad
726 965 880 1028 rationem
900 949 1006 1025 τόπου
1027 981 1179 1044 παραμυ-

142 1073 296 1158 amere,
321 1098 339 1139 a
361 1077 530 1144 Posidonio
550 1077 725 1164 designati,
751 1077 931 1161 descriptae
953 1086 1037 1140 sunt.

186 1186 330 1274 Apparet
347 1189 416 1274 jem
437 1191 673 1277 quodammodo
695 1213 732 1255 ex
754 1191 842 1256 hisce
863 1191 993 1275 paucis,
1023 1209 1107 1274 quae
1128 1198 1180 1251 at-

137 1299 297 1381 tulimus,
319 1326 384 1402 quq
400 1303 472 1368 loco
484 1305 524 1370 ab
543 1306 683 1390 antiquis
705 1305 813 1368 hahita
835 1306 875 1368 sit
896 1303 1080 1368 consolatio.
1107 1303 1180 1384 Quo

41 1445 45 1453 ·
142 1415 243 1499 magii
267 1426 313 1481 est
332 1417 516 1483 mirandum
539 1441 576 1482 ex
599 1420 831 1484 recentioribus
861 1420 1022 1481 neminem
1050 1416 1178 1494 adhuc,

141 1527 250 1613 quoad
271 1530 382 1611 seiam,
404 1530 444 1596 de
466 1531 622 1597 industria
641 1533 729 1600 hunc
746 1531 968 1617 philosophiae
989 1531 1098 1595 locum
1114 1542 1179 1594 tra·

141 1651 253 1722 cusas,
274 1664 381 1728 neque
399 1666 482 1731 quae
501 1647 710 1731 antiquorum
731 1647 765 1709 in
787 1668 823 1709 ea
840 1646 962 1710 tuerint
979 1646 1105 1722 merita,
1123 1665 1181 1708 er·
1204 1683 1209 1687 ·

139 1753 331 1843 posuisse.²)
356 1758 508 1858 liovimus
529 1761 625 1840 enim,
647 1781 732 1846 quae
754 1761 795 1824 sit
806 1761 969 1845 religionis
985 1758 1181 1824 Christianae

176 1976 201 2044 1)
238 1983 371 2046 Wyttenh.
389 1983 420 2034 ad
439 1984 506 2035 Plut.
529 1986 601 2034 eoas.
621 1985 655 2032 nd
678 1985 762 2049 Apoll.
782 1985 840 2033 Vol.
858 1985 902 2032 vl.
924 2001 950 2048 p.
969 1983 1029 2033 699.
1054 1983 1084 2030 ln
1105 1981 1182 2029 tertio

139 2080 225 2123 autem
248 2082 275 2124 et
291 2081 383 2140 quarto
406 2077 605 2126 Tusculanarum
629 2079 695 2126 libro
717 2079 744 2126 in
771 2079 858 2142 primis
886 2078 1052 2141 Chrysippum
1077 2081 1181 2124 secutus

141 2184 196 2216 esse
213 2169 300 2218 Cicero
315 2171 416 2219 videtur
428 2171 464 2220 Cl.
482 2172 559 2219 Bokio
572 2174 649 2235 Disp.
664 2171 695 2218 de
711 2172 851 2219 Posidonio
867 2189 891 2236 p.
908 2170 968 2233 196,
985 2171 1027 2219 cui
1042 2169 1182 2217 assentitur

57 2291 59 2295 <
141 2264 237 2324 Boguet
248 2264 337 2313 Cosam.
349 2264 380 2312 ds
392 2265 533 2330 Chrysippo
547 2283 572 2330 p.
585 2265 645 2314 299.
665 2267 817 2315 Goerensius
831 2281 892 2313 vero
901 2265 932 2313 ad
942 2267 993 2313 Cic.
1004 2265 1080 2311 head.
1093 2264 1126 2312 11.
1137 2261 1180 2326 44,

141 2357 288 2409 Ciceronem
302 2359 367 2409 dicit
381 2360 409 2407 in
423 2342 469 2408 lih
480 2361 527 2409 111.
537 2362 610 2409 Tusc.
627 2361 755 2410 Crantoris
767 2362 860 2410 librum
873 2348 940 2429 mpi-
955 2345 1086 2422 πένθθυς
1101 2373 1181 2420 paene

140 2454 416 2517 assumpsisse,
435 2470 500 2516 quae
516 2455 608 2517 verha,
630 2456 678 2503 etsi
693 2471 752 2504 oum
767 2455 811 2503 illa
831 2454 957 2503 sententia
978 2469 1092 2518 pugnare
1111 2453 1183 2501 vide-

139 2550 232 2610 antur,
253 2547 349 2610 optime
359 2553 443 2597 tamen
453 2563 512 2594 oum
527 2547 571 2594 illa
581 2548 712 2596 conciliari
724 2553 839 2612 possunt.
859 2548 947 2596 Cicero
964 2548 1032 2594 enim
1047 2547 1183 2595 scribendo

140 2640 186 2688 illo
201 2656 277 2706 opere
291 2641 400 2705 respexit
416 2642 499 2690 ubivis
513 2657 619 2690 aureum
638 2642 711 2690 illum
730 2641 857 2690 Crantoris
872 2640 997 2702 libellum,
1009 2657 1085 2703 quem
1100 2642 1183 2689 laudi·
1216 2672 1227 2697 a

141 2736 190 2784 hus
200 2736 299 2799 saepius
309 2736 415 2798 extulit,
435 2737 559 2798 cuiusque
576 2735 662 2800 plures
675 2737 813 2784 sententias
827 2752 857 2784 ac
874 2735 1021 2783 consolandi
1034 2742 1182 2796 argumenta

75 2884 78 2889 .
144 2829 172 2876 in
182 2829 248 2877 lihro
261 2829 307 2877 illo
324 2830 441 2878 servavit.
460 2830 598 2893 Conjnurit
616 2836 701 2879 tamen
717 2846 776 2877 cum
790 2831 866 2878 huius
884 2829 985 2894 placitis
994 2830 1135 2878 Stoicorum
1150 2830 1182 2878 de

142 2922 376 2986 perturbationibus
391 2924 472 2975 animi
481 2923 637 2986 doctrinan,
657 2928 686 2971 ut
699 2924 886 2985 aegritudinem
902 2924 929 2971 in
942 2924 1082 2986 sapientem
1092 2924 1182 2971 cadere

141 3034 194 3070 non
214 3034 285 3083 posse
301 3020 463 3082 ostenderet,
479 3024 557 3084 atque
574 3019 609 3087 ita
624 3018 741 3067 refellere
757 3019 857 3067 studuit
872 3018 999 3067 Crantoris
1013 3019 1182 3079 sententiam,

140 3114 187 3176 qui
204 3113 332 3161 naturales
345 3128 399 3160 esse
417 3113 540 3161 docuerat
554 3112 702 3161 affectiones
718 3112 805 3175 animi,
824 3113 954 3176 magisque
971 3113 1138 3176 Chrysippum
1156 3118 1183 3159 et

142 3206 240 3253 Stoicos
251 3210 369 3267 secutus,
387 3221 438 3253 non
448 3211 539 3254 natura
552 3207 595 3253 sed
609 3205 729 3270 opinione
739 3212 855 3255 constare
871 3206 1057 3268 aegritudinem
1066 3207 1183 3253 eandem-

142 3315 194 3362 que
207 3299 350 3347 voluntarie
369 3299 463 3364 suscipi
483 3301 587 3348 uberius
605 3300 735 3363 explicuit.
778 3328 782 3335 ·

176 3389 203 3457 2)
239 3395 353 3444 Fuerunt
368 3395 488 3458 quidem,
514 3395 609 3458 quide
634 3393 851 3442 consolationibus
870 3393 1035 3456 antiquorum
1060 3391 1182 3455 quaedam

141 3494 291 3551 monerent,
318 3505 370 3536 non
386 3504 447 3536 vero
462 3489 507 3551 qui
527 3493 610 3535 totum
623 3488 697 3536 illum
715 3487 871 3550 explicarent
892 3467 986 3535 locum.
1023 3488 1053 3534 ln
1068 3487 1108 3534 his
1124 3503 1184 3535 cen-

141 3582 235 3634 sendus
253 3587 292 3630 est
310 3583 400 3632 Petrus
419 3583 444 3631 la
457 3583 541 3646 Seiue,
552 3582 599 3645 qui
610 3581 637 3631 in
656 3582 869 3630 commentatione
886 3582 916 3629 de
931 3581 1062 3644 Nopcrstlse
1079 3582 1185 3628 Honori

143 3677 261 3744 (Gronov.
281 3677 356 3727 Thes.
372 3676 432 3726 Ant.
454 3678 498 3725 Gr.
516 3677 566 3724 rol.
585 3672 638 3740 xl.)
658 3692 714 3740 cup.
730 3674 747 3723 3
761 3675 792 3722 de
808 3674 982 3723 consolatione
996 3690 1089 3736 agens,
1104 3675 1184 3736 magis

142 3773 254 3821 musicae
273 3788 349 3837 quam
371 3771 546 3837 philosophiae
565 3770 617 3818 rim
641 3771 672 3819 ad
695 3770 817 3818 sedandos
837 3769 937 3818 dolores
957 3770 1089 3831 spectavit.
1115 3771 1181 3817 llier.

83 3912 86 3923 ,
144 3869 271 3917 Cardenus
290 3868 320 3915 da
341 3869 516 3917 Consolatione
535 3866 600 3913 libri
617 3866 670 3914 111.
689 3866 813 3917 nonnulla
829 3867 933 3930 quidem
948 3865 1112 3926 antiquorum
1129 3866 1184 3913 loca

142 3964 245 4026 attulit,
265 3965 308 4011 sed
320 3964 416 4026 magis,
435 3968 465 4010 ut
482 3978 552 4010 suam
568 3961 732 4010 confirmaret
752 3962 920 4022 sententiam,
940 3975 1015 4022 qusun
1035 3965 1064 4006 ut
1080 3959 1183 4007 illorum

143 4059 169 4105 in
185 4059 234 4107 hoc
250 4059 307 4106 loco
326 4059 426 4117 merita«
434 4057 573 4117 indagaret.
594 4057 670 4117 lllagis
682 4057 709 4104 id
727 4055 837 4105 attendit
855 4056 878 4103 d.
896 4055 921 4102 C.
935 4055 963 4102 C.
983 4055 1082 4102 Ernesti
1099 4068 1184 4128 usser-
