2648 4844
635 320 676 380 at

139 504 324 579 destitutus,
352 522 388 564 ac
419 500 615 584 putrefactus
644 499 677 558 in
709 519 829 559 vermes
859 493 1090 580 permutandus
1124 498 1175 560 sit.

139 619 209 698 Qua
239 617 335 678 animi
360 613 600 697 perturbatione
631 622 665 673 ut
693 633 765 672 eum
799 610 915 673 liberet
945 611 1112 689 Socrates,
1143 613 1175 672 in

139 730 322 794 memoriam
341 728 401 811 ipsi
421 736 548 790 revocat
567 725 715 808 pristinos
731 726 830 808 ipsius
852 724 891 787 de
913 726 1032 787 virtute
1057 746 1175 787 sermo·

140 865 206 920 nes,
229 843 377 925 vitaeque
399 862 471 903 cum
491 839 749 924 peregrinatione
777 839 1059 922 comparationem,
1094 839 1176 902 laeto

140 957 245 1019 animo
262 966 294 1017 et
312 954 505 1017 carminibus
522 951 676 1031 finienda;
696 964 763 1014 tum
782 973 856 1014 vero
869 953 936 1015 eius
951 952 1048 1014 verba
1067 972 1174 1015 seeum

141 1089 284 1153 pugnare
305 1067 518 1143 demonstrat,
553 1064 641 1151 quod
667 1065 761 1128 modo
789 1086 939 1128 sensuum
967 1065 1177 1149 privationem

142 1183 271 1266 lugeat,
307 1199 408 1265 quum
435 1179 568 1243 luceae
591 1179 680 1241 bonis
703 1201 736 1240 se
752 1177 940 1242 destitutum
963 1179 1000 1240 iri
1019 1178 1177 1263 deploret,

142 1294 236 1357 modo
265 1294 408 1357 sensibus
432 1315 465 1354 se
492 1293 608 1377 privari
633 1303 745 1377 neget,
780 1315 881 1378 quum
911 1292 1178 1375 putrefactionem

143 1429 180 1471 ac
197 1429 318 1470 vermes
340 1417 460 1469 metuat
473 1403 511 1490 ¹).
547 1405 815 1490 Distinguendum
835 1428 931 1491 porro
950 1405 1045 1468 docet
1063 1427 1178 1489 corpus

144 1533 176 1584 et
207 1521 367 1597 animum,
412 1542 513 1605 quum
543 1542 679 1604 corpus,
714 1520 834 1605 quippe
864 1531 1047 1597 terrenum,
1078 1531 1180 1583 morte

86 1629 96 1643 ⁹
144 1645 311 1698 evanescat
333 1646 364 1698 et
384 1636 469 1698 omni
491 1635 635 1719 privetur
656 1655 768 1711 sensu,
788 1635 910 1697 animus
929 1655 1027 1712 vero,
1058 1634 1181 1719 quippe

144 1748 290 1812 coelestis
312 1749 462 1833 originis,
496 1748 683 1810 immortalis
712 1749 772 1825 sit,
807 1759 915 1810 nostro
945 1770 1019 1811 vero
1044 1749 1180 1811 maloin

144 1858 302 1945 praesidio
315 1860 452 1938 mortali,
466 1873 617 1946 tanquam
629 1882 771 1938 earcere,
781 1883 806 1924 a
825 1872 938 1925 natura
948 1861 1105 1941 inclusus,
1124 1883 1179 1925 cu-

145 1975 194 2038 ius
216 1995 331 2059 parvae
355 1972 527 2038 admodum
550 1986 622 2038 sunt
641 1974 836 2060 voluptates,
857 1977 986 2039 summis
1006 1976 1181 2060 permixtae

146 2085 322 2165 doloribus,
340 2077 391 2159 οἷς
401 2075 614 2169 ἀναγκαστῶς,
627 2078 683 2148 ὅτε
700 2085 957 2173 ποοεοιιιιρμὲνη
972 2091 1042 2160 τοῖς
1053 2077 1179 2174 πόροις,

146 2188 165 2285 ἦ
183 2189 273 2286 praxi}
289 2195 489 2280 ξονονλγοῦσοι
504 2188 559 2258 τόν
581 2186 728 2280 οιῖράνιον
749 2200 856 2263 ποθεῖ
877 2195 931 2260 καὶ
945 2189 1117 2284 §tippulae
1131 2194 1181 2261 αἰ-

145 2297 243 2393 θέρα,
272 2306 326 2370 καὶ
347 2306 442 2394 διψᾷ,
467 2306 525 2392 τῆς
548 2303 651 2368 ἐκεῖσε
672 2305 796 2393 διαίτης
816 2305 869 2369 καὶ
890 2305 1023 2394 χορείας
1050 2300 1181 2396 ὀριγνω-

465 2413 481 2430 ‘a

145 2415 234 2503 με’νη·
251 2409 335 2479 ὥστε
351 2409 370 2503 ἡ
386 2417 446 2481 τοῦ
462 2417 518 2502 ςῆν
534 2408 703 2502 ἀπαλλαγὴ
719 2417 818 2481 κακοῦ
833 2406 920 2490 τινος
936 2415 1021 2482 ἐστιν
1036 2414 1086 2492 εἰς
1106 2409 1180 2502 olpe-

147 2519 212 2590 θόν
226 2516 399 2614 μεταβολή.
422 2528 479 2591 Cui
494 2529 642 2612 egregiae
656 2530 830 2593 sententiae
846 2530 992 2593 Socrates
1004 2553 1070 2616 quo
1081 2533 1180 2616 majo-
1215 2576 1217 2582 ·

147 2660 214 2701 rem
231 2639 382 2702 conciliet
399 2641 641 2719 auctoritatem,
659 2642 723 2703 sive
737 2643 861 2726 potius,
890 2655 926 2709 ut
946 2666 982 2708 ex
1003 2668 1091 2710 more
1103 2669 1182 2726 suo,

114 2907 122 2922 ·
182 2884 208 2951 1)
243 2888 378 2938 Aaeioeltur
401 2906 424 2938 c.
444 2888 468 2939 4.
485 2893 578 2940 Locum
597 2891 667 2940 hunc
685 2908 737 2941 non
755 2894 897 2959 intellexit,
915 2896 955 2944 vel
974 2896 1121 2959 intelligere
1137 2915 1185 2947 no-

146 2981 196 3029 luit
214 2983 360 3032 lleineraiua
387 2984 404 3032 l.
433 2985 450 3033 l.
471 3001 495 3048 p.
515 2983 557 3047 41,
576 2987 620 3034 ubi
639 2973 741 3049 Epicuri
760 2989 880 3050 quaedam
899 3005 973 3038 voces
992 2992 1123 3040 Socratem
1141 2994 1182 3042 hie

145 3078 258 3139 prolerre
272 3078 349 3139 dicit,
374 3079 470 3142 quippe
486 3079 694 3141 contendentem,
711 3086 818 3129 mortem
835 3089 968 3147 propterea
987 3100 1038 3133 non
1054 3101 1109 3134 ease
1126 3103 1184 3150 per·

145 3155 339 3232 timescendum,
355 3171 425 3234 quod
438 3171 566 3219 hominem
576 3175 602 3221 in
612 3175 718 3221 eandem
731 3176 942 3238 tranquillitatem
958 3184 1080 3241 reponat,
1097 3180 1184 3242 inqua

142 3261 254 3324 jacuerit
271 3267 348 3325 ante,
366 3279 442 3326 quarn
457 3271 620 3328 nasceretur,
644 3284 755 3330 eumque
774 3270 843 3316 omni
862 3275 912 3317 tam
931 3271 1025 3320 doloris
1042 3288 1120 3335 quam
1141 3290 1185 3321 vo-

146 3355 251 3418 luptatis
267 3372 341 3405 aenou
360 3359 451 3421 privet.
486 3361 539 3407 llon
556 3361 735 3410 animadvertit
752 3361 811 3423 ille,
836 3363 912 3410 unice
936 3365 978 3412 hic
999 3366 1128 3413 Socratem
1152 3367 1183 3415 de

146 3464 251 3512 corpore
272 3466 323 3498 non
338 3451 369 3499 de
384 3451 467 3500 animo
486 3453 572 3515 loqui,
601 3448 630 3500 rit
654 3455 754 3501 inanem
779 3471 833 3503 esse
859 3457 969 3506 Axiocho
991 3460 1185 3522 putrefactionis

109 3576 112 3580 .
146 3543 321 3605 vermiumque
337 3549 432 3592 metum
450 3546 650 3610 demonstraret,
670 3564 748 3610 quum
767 3555 824 3611 post
845 3556 952 3598 mortem
977 3552 1064 3600 nullus
1086 3554 1112 3600 in
1130 3569 1185 3601 eor·

145 3650 206 3697 pore
218 3652 306 3685 aeneus
317 3637 357 3684 sit.
374 3637 446 3699 Quod
457 3638 516 3686 luce
529 3639 623 3689 clarius
635 3656 692 3688 mox
704 3643 824 3705 ostendit,
837 3643 882 3692 ubi
900 3637 988 3695 τοῦτο
1005 3631 1104 3710 ἐννόει,
1129 3648 1184 3708 ait,

144 3710 200 3791 du,
221 3717 277 3799 τῆς
296 3718 473 3803 ξογκρίσιιος
495 3715 572 3794 ἅπαξ
595 3723 801 3806 διαλυθείσης,
823 3726 872 3787 καὶ
886 3728 941 3809 τῆς
955 3730 1060 3811 ψυχῆς
1075 3730 1116 3805 εἰς
1131 3719 1185 3791 τόν

143 3817 246 3879 οἰκεῖον
272 3818 448 3905 ἱδρυθείσης
475 3818 581 3900 τόπον,
608 3821 644 3887 ro*
672 3820 855 3909 ὑπολειφθὲν
881 3831 984 3909 σῶμα,
1012 3833 1121 3910 γεῶδες
1149 3828 1186 3893 ὂν

143 3917 191 3977 καὶ
218 3913 333 3998 ἄλογον,
362 3918 413 3984 οὐκ
440 3921 518 3987 ἔστιν
546 3922 563 3986 ο’
590 3923 761 4007 ἅνθρωπος.
797 3924 898 4009 Ἡμεῖς
924 3929 981 4009 μὲν
1005 3923 1065 4012 peip
1095 3933 1185 4011 ἐσμεν

142 4015 243 4100 ψυχή,
267 4020 345 4093 ξονον
367 4019 530 4101 ἀθάνατον,
555 4031 586 4090 ἐν
608 4032 715 4115 θνητῷ
735 4029 950 4115 καθειργμένον
972 4034 1117 4118 ορονοίςο.
