2648 4844
640 341 681 403 97

145 529 298 605 tanquam
319 519 438 582 divitiis
460 519 594 597 laetari,
627 522 661 582 in
683 543 763 605 quas
787 520 874 585 nulla
896 524 1025 587 omnino
1049 523 1188 595 831101-

144 645 241 697 tunae
262 646 414 718 potestas.
430 630 455 718 ι)
492 635 604 718 Neque
620 637 716 698 etiam
733 646 820 698 metu
845 637 955 700 mortis
972 639 1110 702 cruciari
1131 661 1188 723 po·

145 760 225 824 test,
239 768 337 833 quam
353 747 452 810 veluti
465 748 633 810 transitum
644 748 684 812 ad
697 750 861 813 meliorem
875 751 969 814 vitam
987 750 1186 829 considerat,

143 860 284 924 Platonis
304 871 335 922 et
365 860 565 945 Pythagorae
587 859 710 924 dictum
730 874 903 947 reputans,
935 851 973 924 ad
1001 864 1102 948 γῆρας
1131 852 1189 927 οὐκ

143 961 191 1035 ἐπ’
216 961 320 1052 ἐξόδῳ
336 972 396 1034 τοῦ
410 970 486 1051 βίου
509 969 591 1049 ἐστι,
615 962 680 1034 ‹itt'
698 963 747 1036 ἐπ’
767 965 851 1059 ἀρχῇ
872 971 1034 1059 μακαρίας
1050 970 1144 1059 ζωῆς.
1158 971 1184 1060 ²)

145 1084 322 1172 Quumque
336 1083 486 1146 omnibus
506 1083 546 1146 sit
563 1083 783 1162 moriendum,
807 1108 870 1148 aron
888 1097 934 1148 est
952 1086 1186 1152 reformidanda
1271 1079 1273 1083 ¹

143 1219 248 1275 mors,
269 1197 325 1260 sed
344 1219 449 1283 aequo
471 1198 576 1261 animo
597 1198 827 1283 exspectanda,
859 1210 890 1262 et
910 1198 1123 1282 reputandum
1141 1213 1187 1264 est

142 1310 291 1388 senibus,
317 1311 449 1375 similes.
472 1332 504 1372 se
523 1332 589 1373 esse
615 1315 685 1384 τοῖς
701 1309 993 1392 ,ιιετοικιζομὲτόις,
1017 1313 1187 1398 inquibus

143 1425 169 1486 si
192 1425 264 1508 quis
295 1424 436 1507 prudens
456 1434 524 1500 est,
556 1422 706 1487 celeriter
744 1435 775 1486 et
804 1446 859 1487 sua
890 1437 1003 1508 sponte
1020 1427 1186 1511 ahit,=qui

144 1559 218 1600 vero
238 1537 564 1622 nolunt,1coguntur.
600 1538 653 1600 Sic
682 1559 813 1621 quoque
840 1539 950 1600 mortis
971 1539 1049 1602 nihil
1072 1541 1184 1619 refert,

141 1662 253 1734 sponte
275 1673 316 1713 an
335 1652 427 1713 inviti
447 1673 516 1714 eam
537 1652 708 1728 obeamus,
741 1651 795 1712 ubi
819 1651 916 1713 instat
937 1653 1013 1724 illa,
1044 1674 1186 1737 sequen·
1264 1646 1271 1655 ⁸

143 1763 220 1826 dum
240 1774 287 1826 est
309 1763 448 1842 homini,
471 1763 611 1849 ideoque
634 1775 740 1827 nostra
763 1785 858 1848 quam
877 1765 1011 1827 maxime
1034 1766 1184 1842 interest,

143 1889 178 1940 nt
198 1870 311 1962 sponte
333 1877 363 1940 id
383 1878 548 1943 faciamus.
560 1874 584 1963 ³)
619 1902 623 1918 ¹

185 1992 278 2053 Teste
296 1992 444 2068 Stohaeo,
468 1990 508 2053 de
528 1991 640 2054 eodem
662 1991 724 2054 hoc
744 2002 935 2076 argumento
954 1990 1085 2055 Jurrcua
1103 2015 1184 2078 quo-

128 2125 204 2190 ¹que
223 2105 343 2168 librum
358 2106 504 2190 scripsit,
529 2107 586 2190 qui
604 2117 710 2169 tamen
722 2105 877 2184 eandem,
898 2128 936 2169 ac
954 2109 1090 2186 caeteri,
1114 2109 1185 2173 for·
1217 2103 1218 2106 ¹

146 2230 257 2283 tunam
269 2231 417 2304 expertus
430 2231 486 2283 est.
511 2220 622 2304 Neque
634 2218 673 2283 de
685 2220 841 2303 scriptore
853 2218 1031 2304 quidquam
1048 2233 1182 2300 constat,

141 2333 255 2410 cuius,
276 2344 404 2418 praeter
425 2333 617 2411 Stohaeum,
648 2332 757 2396 nullus
775 2332 858 2395 alius
876 2335 1072 2396 mentionem
1093 2335 1182 2401 facit.

140 2441 184 2510 Ei
202 2447 268 2509 suis
291 2437 391 2532 igitur
412 2448 539 2531 scriptis
561 2468 664 2531 quum
686 2447 733 2509 vir
755 2447 796 2508 sit
815 2445 1075 2531 cognoscendus,
1107 2449 1183 2512 Sto-

139 2559 219 2625 haeo
240 2560 418 2644 plurimum
439 2559 611 2638 dehemus,
635 2561 712 2645 qui,
735 2570 874 2645 quatuor
895 2560 991 2638 locis,
1016 2561 1089 2624 satis
1111 2584 1182 2624 am-

140 2674 213 2759 pla,
234 2695 271 2736 ea
295 2675 362 2737 eius
378 2674 462 2738 libro
487 2672 568 2760 περὶ
592 2661 699 2760 γήρως
721 2673 899 2758 descripta,
930 2673 1020 2736 nobis
1047 2677 1182 2738 servarit

139 2787 336 2872 fragmenta,
365 2803 448 2872 quae
470 2790 543 2851 satis
570 2788 653 2849 inter
672 2809 705 2848 se
727 2786 917 2863 cohaerent,
942 2798 978 2850 ut
1006 2787 1107 2851 libelli
1131 2812 1181 2852 ra·
1243 2785 1247 2789 ’

140 2901 186 2963 tio
207 2899 431 2984 aliquomodo
453 2899 663 2984 efficipossit.
714 2900 769 2961 Est
794 2910 901 2961 autem
927 2897 1092 2984 dialogus,
1126 2904 1180 2964 cui

139 3013 249 3097 plures
277 3014 458 3091 intersunt,
478 3009 504 3098 ⁴)
547 3035 584 3075 ex
610 3011 728 3096 quibus
755 3033 838 3074 unus
866 3022 1065 3074 senectutem
1091 3013 1181 3074 malis

137 3125 320 3204 abundare,
335 3148 439 3211 neque
452 3127 519 3190 ullo
535 3127 619 3190 hono
637 3125 777 3211 gaudere
790 3124 972 3202 contendit,
991 3124 1072 3187 alius
1085 3112 1178 3203 vero,

140 3241 209 3324 ipse
228 3261 345 3318 senex,
366 3239 454 3303 hunc
475 3240 643 3317 refellens,
668 3241 840 3301 senectutis
859 3239 995 3321 suscipit
1017 3260 1177 3317 caussam,

138 3375 275 3438 eamque
293 3375 356 3416 non
378 3354 471 3416 modo
488 3375 552 3416 non
577 3350 838 3437 vituperandam,
860 3373 969 3413 verum
987 3350 1178 3415 laudandam

173 3583 199 3648 1)
235 3587 304 3633 Stob.
325 3587 394 3634 Flor.
414 3585 454 3632 tit.
472 3583 533 3646 115,
551 3583 593 3631 23.

172 3676 198 3740 a)
234 3679 303 3727 stoa.
323 3679 387 3726 rua
412 3679 452 3724 at.
472 3675 591 3739 115,17.

172 3768 199 3832 3)
235 3772 304 3818 Stob.
324 3771 389 3819 lhid.
413 3772 453 3818 tit.
473 3769 533 3831 118,
552 3769 593 3817 28.
964 3798 969 3807 x

151 3835 155 3842 Ι
172 3859 198 3925 1)
235 3863 265 3911 In
281 3853 424 3925 fragmento
435 3863 504 3911 enim
519 3862 586 3926 apud
600 3862 669 3910 Stoh.
686 3861 755 3909 mor.
772 3861 811 3906 tit.
822 3855 882 3920 117,
896 3856 913 3905 9
928 3875 952 3921 p.
969 3856 1027 3919 447,
1043 3857 1086 3905 Ed.
1102 3855 1177 3907 Gaios.

136 3955 278 4018 alloquitur
294 3942 363 4021 τούς
389 3940 552 4027 παρόντας,
580 3961 634 4003 tum
659 3956 735 4002 etiam
764 3954 803 4001 tit.
829 3951 894 4014 115,
914 3950 947 3999 26
973 3968 997 4014 p.
1023 3950 1072 4000 425
1097 3951 1175 3999 dicits

138 4042 235 4108 ἐδόκει
258 4043 315 4130 γάρ
339 4071 402 4122 πως
426 4039 511 4122 οὗτος
536 4045 629 4120 ἐνίους
652 4046 713 4108 τῶν
735 4038 893 4128 παρόντων
916 4037 1076 4123 ταράττειν.

957 4149 976 4207 7
