2648 4844
599 284 728 352 '24

191 479 270 540 ratio
289 485 471 558 comparata
491 486 557 551 est,
592 473 646 535 hic
667 483 714 534 est
735 472 790 534 ille
809 470 1007 546 moderatus,
1037 468 1091 531 bic
1113 469 1221 545 tortis,

189 588 243 652 bic
265 589 407 674 sapiens,
437 587 490 650 hio
513 596 544 648 et
566 565 768 648 nascentibus
790 595 822 646 et
843 583 1031 646 cadentibus
1053 603 1129 645 eum
1151 582 1223 644 reli·

190 703 261 787 quis
283 699 456 764 commodis
479 711 547 763 tum
569 700 703 762 maxime
724 698 852 775 liberis,
887 695 1012 780 parebit
1039 706 1071 758 ot
1098 693 1225 758 obediet

189 827 362 900 praecepto
381 814 429 876 illi
448 814 567 891 reteri,
587 813 795 896 nequeenim
814 811 984 874 laetabitur
1000 829 1144 892 uuquam
1166 828 1224 870 nec

188 929 345 991 moerebit
373 929 483 1005 nimis,
515 926 601 1011 quod
621 946 744 1009 semper
771 927 805 988 in
832 946 864 987 se
891 926 958 1008 ipse
986 943 1114 986 omnem
1136 940 1224 1005 spem

189 1016 323 1126 reponet
344 1042 404 1106 sui.
421 1037 446 1126 ¹)
477 1040 567 1104 Tales
589 1041 689 1125 igitur
712 1050 747 1102 ut
768 1019 915 1123 parentes
934 1039 996 1101 sint
1014 1036 1131 1114 nostri,
1153 1016 1225 1120 pre·

189 1178 300 1220 camur
320 1166 352 1218 et
371 1156 590 1231 obsecramus,
614 1175 719 1237 neque
745 1152 807 1216 hoc
829 1152 890 1215 sibi
911 1150 1140 1235 persuadeant,
1172 1149 1225 1213 lu-

190 1270 294 1356 gendo
314 1290 380 1332 sese
400 1279 431 1330 et
450 1266 652 1330 lamentando
672 1266 844 1352 gratificari
866 1267 1016 1343 mortuis,
1044 1264 1099 1328 sod
1119 1265 1225 1348 potius
1246 1251 1248 1254 ¹

190 1385 383 1469 gratissimos
403 1382 441 1444 iis
460 1381 546 1459 lore,
570 1382 595 1444 si
618 1380 745 1443 modice
767 1381 979 1444 calamitatem
996 1379 1118 1456 ferant,
1152 1394 1226 1440 oum

190 1497 275 1560 clara
292 1495 382 1558 nobis
399 1495 541 1557 evenerit
559 1515 654 1558 mors.
683 1484 731 1554 Tol
752 1485 812 1578 γὰρ
836 1482 976 1578 ἡμέτερα
996 1482 1146 1575 caluaria·
1166 1479 1226 1574 ἤδη

189 1605 266 1685 ἕξει,
291 1599 377 1693 ἢπερ
401 1603 553 1691 καλλίστη
579 1605 717 1690 γίγνεται
743 1592 953 1688 ἀνθρώποις,
987 1593 1073 1664 ὥστε
1105 1598 1254 1686 πρέπειῥ

189 1709 272 1782 αὐτὰ
291 1715 413 1799 μᾶλλον
434 1720 564 1798 κοσμεῖν
586 1709 606 1802 ἢ
617 1720 758 1807 θρηνεῖν.Ι

234 1831 325 1910 Quae
341 1841 447 1892 autem
467 1827 652 1920 consolandi
670 1838 859 1912 argumenta
877 1826 909 1887 in
926 1826 1100 1888 lllenoxeno
1117 1821 1226 1907 prodi·

189 1941 236 2005 dit
257 1943 367 2018 Plato,
398 1940 509 2004 eadem
531 1942 564 2003 iu
586 1940 699 2004 Politia
721 1941 885 2003 Socratem
907 1937 1067 2001 dicentem
1088 1935 1225 2000 inducit·

188 2056 267 2118 Nam
287 2077 387 2139 quum
407 2055 566 2117 civitatem
585 2053 721 2137 lingeret
741 2053 911 2136 optimam,
932 2052 1044 2136 inqua
1062 2071 1120 2112 sua
1139 2050 1227 2133 quis·

189 2189 253 2253 que
272 2179 400 2254 ageret,
422 2167 502 2230 nihil
525 2168 687 2251 antiquius
706 2165 861 2243 babebat,
884 2187 982 2250 quam
1004 2175 1040 2227 ut
1062 2161 1226 2240 custodes,

189 2282 307 2367 quihus
326 2282 508 2367 gravissima
527 2292 630 2344 esseut
649 2279 796 2343 obeunda
816 2300 966 2357 munera,
988 2290 1098 2364 contra
1117 2277 1227 2341 mortis

190 2406 309 2459 metum
326 2406 358 2457 et
374 2395 507 2457 nimium
522 2394 666 2457 dolorem
680 2393 894 2458 confirmaret.
925 2394 1039 2478 Itaque
1051 2393 1226 2454 Homerum

189 2528 227 2571 ex
246 2509 372 2571 civitate
391 2530 447 2570 sua
471 2508 620 2584 arcebat,
643 2507 731 2591 quod
749 2507 827 2570 falsa
847 2528 995 2591 quaeque
1010 2527 1049 2569 ae
1069 2505 1227 2568 terribilia

188 2617 229 2682 do
246 2621 356 2684 inferis
375 2621 503 2684 dixisset
522 2631 553 2682 et
572 2619 684 2691 heroes
700 2641 737 2683 ao
754 2615 835 2682 Deos
851 2619 1027 2682 induxisset
1046 2621 1226 2682 amicorum

188 2746 324 2797 mortem
345 2735 436 2798 nimis
459 2735 631 2818 plorantes,
653 2755 691 2797 ae
713 2755 791 2818 prae
813 2732 922 2796 dolore
944 2733 1076 2818 indigna
1098 2733 1227 2796 facien-

188 2858 246 2912 tos.
271 2850 396 2911 Fortem
415 2849 499 2911 enim
518 2850 622 2912 virum
641 2869 707 2910 esse
725 2847 854 2911 dicebat
877 2836 974 2909 αὐτὸν
995 2833 1084 2927 oriani
1107 2833 1226 2931 αὐτάρ-

187 2981 244 3044 κην
264 2951 350 3046 πρὸς
370 2951 408 3024 ad
432 2947 469 3024 εὖ
488 2958 559 3046 ζῆν,
581 2958 636 3022 καὶ
658 2948 881 3045 διαφερόντως
902 2956 966 3019 τῶν
987 2946 1094 3018 ἄλλων
1113 2946 1228 3041 ἣκιστα

187 3066 301 3154 ἐτέρου
329 3071 533 3155 προσδεῖννι,
551 3067 578 3156 2)
610 3082 707 3156 atque
734 3072 778 3135 ita
802 3070 906 3133 dolori
938 3090 1001 3131 non
1030 3065 1164 3146 cedere,
1200 3067 1227 3129 si

187 3193 332 3244 mortuus
361 3193 407 3244 est
433 3184 575 3263 amicus,
605 3206 706 3270 quum
727 3185 794 3268 ipse
810 3184 877 3246 vsibi
904 3182 944 3247 ad
973 3183 1070 3244 vitam
1099 3181 1226 3244 beatam

187 3293 341 3373 sufficiat,
361 3305 393 3358 et
403 3297 504 3379 turpis
516 3297 683 3383 liberoque
695 3298 822 3362 homine
834 3297 986 3382 indiguus
1004 3296 1065 3379 ipsi
1080 3294 1225 3358 videatur

187 3407 302 3471 nimius
326 3408 443 3474 luctus.
475 3411 583 3491 Quum
604 3414 691 3487 enim
706 3410 874 3497 aegritudo
891 3432 928 3473 ex
948 3409 1106 3473 deteriore
1127 3408 1225 3470 animi

185 3534 275 3605 parte
297 3523 454 3607 originem
473 3523 587 3604 ducat,
616 3527 766 3610 sapientis
788 3538 836 3588 est
858 3527 886 3588 ei
909 3524 1091 3600 adversari,
1115 3543 1153 3585 ac
1175 3543 1226 3584 ra·

185 3635 271 3697 tione
286 3659 352 3715 sua,
368 3636 517 3702 divinitus
531 3640 593 3722 ipsi
611 3640 736 3717 tradita,
750 3639 887 3718 efficere,
905 3650 982 3701 utne
998 3638 1111 3700 melior
1124 3637 1226 3701 'animi

189 3761 396 3772 —-·—-—....-.-.

219 3812 245 3875 1)
280 3817 359 3864 lluius
377 3818 427 3865 loci
444 3820 680 3884 interpretationem
700 3823 781 3870 secuti
800 3837 896 3883 sumus,
914 3837 992 3883 quom
1011 3821 1081 3868 dedit
1096 3820 1183 3867 Cicero
1198 3820 1225 3866 in

187 3908 262 3954 Ture·
284 3909 313 3966 Q.
335 3911 363 3957 V.
384 3909 427 3958 12.

219 3996 245 4062 a)
280 4001 341 4048 arat.
361 4004 534 4052 narratur.
554 4008 609 4054 inu,

1115 4063 1126 4090 X
