2648 4844
643 299 754 356 70-

139 485 265 556 tactus,
288 481 411 564 quippe
436 489 622 562 aspernatus
642 477 807 538 rationem.
848 475 933 536 llinc
951 483 1060 536 autern
1082 493 1175 555 pecu-

139 596 210 657 liari
233 594 353 655 ratione
377 614 431 654 cos
450 590 632 654 tractandos
655 589 759 672 iisque
786 585 979 650 medendum
1000 585 1176 648 arbitraba·

140 719 213 770 tur:
238 697 306 782 dui,
330 706 375 768 sie
391 704 460 781 ait,
488 701 540 764 καὶ
569 699 624 764 ἐπὶ
645 701 746 764 τῶνδε
769 701 832 764 των
852 695 1013 777 ἐμπαθῶν
1035 687 1083 770 οἷς
1102 693 1177 782 περὶ

139 806 354 901 ἐξεστηκότων
385 809 518 895 ἔχομεν,
550 812 620 878 καὶ,
636 804 681 884 ὠς
712 799 963 896 παρηλέαχότας
988 797 1177 887 ποιούμεθα

138 918 195 991 τὸν
214 917 328 1008 λέγον,
350 923 404 987 καὶ
426 915 466 988 ου’
488 914 563 1008 παρ’
589 919 716 995 ἑαυτοῖς
738 911 805 985 ou'd
830 918 861 984 ἐν
882 916 1009 992 ἑαυτοῖς
1031 909 1136 990 ὄντας.
1150 913 1174 1003 1)

139 1036 384 1122 Aegritudinem
402 1036 486 1098 enim
504 1047 675 1119 propterea
693 1023 803 1115 λέπην
813 1032 1006 1116 appellatam
1022 1053 1090 1094 esse
1107 1034 1179 1099 een·

139 1151 252 1229 scbat,
286 1152 376 1236 quasi
408 1162 490 1213 esset
522 1139 613 1220 λέοις
646 1148 710 1209 sire
743 1148 859 1211 solutio
893 1146 990 1208 totius
1022 1144 1178 1221 hominis,

141 1286 224 1350 quae
257 1276 323 1327 tota
350 1275 456 1347 posset
489 1262 604 1337 evelli,
641 1261 799 1344 explicata
830 1282 940 1323 caussa
962 1256 1178 1342 aegritudinis.

139 1379 256 1462 ltaque
285 1377 347 1440 hoc
368 1375 505 1438 docebat
537 1375 638 1436 omnis
660 1374 884 1437 consolationis
906 1393 973 1435 esso
1000 1382 1120 1454 caput,
1145 1380 1180 1432 ut

140 1487 364 1551 detraheretur
385 1488 442 1549 illa
464 1487 573 1570 opinio
591 1467 764 1549 moerenti:
776 1482 803 1570 ²)
829 1484 966 1549 addebat
978 1506 1071 1563 vero,
1090 1494 1181 1546 caute

140 1599 173 1662 id
192 1598 364 1662 admodum
381 1621 448 1661 esse
464 1599 665 1678 faciendum,
686 1621 792 1684 neque
812 1620 840 1661 e.
854 1621 885 1683 g.
904 1596 945 1660 ad
965 1608 1110 1660 recenter
1126 1595 1183 1659 do·

141 1712 224 1774 lores
240 1712 458 1776 adhibendum
477 1735 544 1775 esse
560 1713 758 1789 remedium,
787 1713 862 1796 quia
888 1712 1010 1774 ratione
1034 1709 1183 1772 dolorum

140 1825 234 1886 nimis
251 1827 365 1909 exigua
381 1827 464 1887 soret
481 1825 651 1890 medicina.
661 1823 685 1911 ³)
712 1827 880 1888 Praeterea
891 1823 925 1886 id
935 1825 968 1886 in
980 1823 1091 1907 primis
1106 1843 1181 1886 con·

141 1937 254 2000 solanti
273 1936 434 2021 agendum
453 1936 612 2016 ducebat,
637 1951 673 2002 ut
685 1960 768 2024 quae
781 1949 883 1999 essent
893 1938 1049 2000 moerenti
1066 1935 1182 2020 placita

141 2047 248 2132 deque
258 2071 381 2111 summo
392 2050 477 2112 hono
488 2052 671 2134 opiniones,
689 2054 881 2134 exploraret,
901 2049 941 2112 ad
952 2072 1032 2135 quas
1043 2050 1113 2133 ipsa
1124 2069 1180 2112 ae-

141 2161 371 2225 commodanda
383 2174 464 2224 esset
475 2165 665 2242 consolatio,
687 2165 712 2225 si
728 2165 791 2226 rirn
807 2165 978 2227 salutarem
989 2163 1103 2226 ineius
1115 2163 1182 2226 ani-

141 2296 194 2337 mo
204 2274 353 2337 habitura
370 2287 460 2341 essct.
474 2275 568 2356 Quod
581 2298 646 2360 quo
658 2277 772 2339 melius
785 2277 995 2361 intelligatur,
1006 2275 1120 2339 afferre
1132 2276 1181 2338 lu·

140 2386 196 2462 bet
207 2386 315 2450 locum
326 2387 494 2472 Origenis,
508 2390 563 2451 ubi
576 2389 656 2452 haec
668 2389 707 2452 de
720 2390 897 2474 Chrysippo
909 2389 1008 2452 dicit:
1032 2378 1114 2449 duat
1129 2410 1182 2474 φι·

144 2488 434 2583 λανθρωπότερον,
452 2491 555 2580 οἶμαι,
572 2498 699 2563 Κέλσου
716 2491 916 2586 Χρέοιππον
930 2496 1184 2585 πεποιηκέναιέν

73 2628 76 2633 ·
139 2603 188 2687 τῷ
203 2603 282 2691 περὶ
296 2606 418 2669 παθῶν
431 2609 679 2692 θεραπευτικῷ,
707 2600 906 2690 βουλόμενον
919 2609 1131 2696 θεραπεῦσαι
1145 2598 1182 2671 τα

141 2704 247 2799 πάθη,
257 2704 302 2786 οἷς
316 2715 545 2799 κατεπείγοντα
557 2717 611 2780 καὶ
626 2715 815 2799 ἐνοχλοῦντα
827 2712 883 2783 oro
896 2711 1106 2807 ἆνθρωπένηγ
1119 2729 1183 2812 ψυ-
1240 2746 1244 2755 ·

140 2813 211 2920 γῆν,
227 2823 479 2909 προηγουμένως
499 2824 558 2908 μὲν
578 2831 648 2902 τοῖς
670 2829 820 2894 δοκοῦσιν
837 2824 926 2913 αὐτῷ
943 2820 1048 2912 ὑγέεσι
1061 2819 1183 2913 λόγοις,

142 2930 302 3019 δευτέρως
324 2932 361 2997 δέ
375 2934 429 2998 καὶ
443 2935 561 3024 τρέτως
575 2930 633 3022 κᾷν
648 2944 717 3013 τοῖς
732 2933 776 3028 μή
793 2933 969 3028 ἅρεσκοῦσι
983 2938 1047 3001 τῶν
1064 2926 1186 3021 ὄογμα·

140 3062 219 3106 των·
241 3035 299 3106 κᾶν
319 3037 381 3130 γαρ
404 3044 505 3130 opio,
519 3046 634 3131 φησὶν,
659 3037 681 3134 ᾖ
702 3047 775 3135 γένη
796 3051 860 3113 τῶν
883 3041 1031 3132 ἆγαθων,
1053 3046 1108 3110 καὶ
1130 3039 1186 3111 oii-

141 3170 188 3210 τω
215 3151 440 3233 θεραπευτέον
469 3146 511 3216 ταὶ
542 3145 654 3241 πάθη·
689 3149 728 3222 οὐ
745 3150 1054 3244 ’περιεργαζόμενον
1080 3153 1113 3220 ἐν
1137 3155 1185 3237 τῷ

141 3255 246 3341 καιρῷ
266 3258 323 3343 τῆς
344 3259 526 3348 φλεγμονῆς
540 3264 604 3327 τῶν
623 3267 744 3330 παθῶν
763 3260 801 3331 τό
813 3257 1061 3353 προκαταλαβὸν
1081 3256 1187 3348 δόγμα

151 3439 357 3452 —u—-.-----

179 3525 205 3591 1)
241 3531 351 3579 Galenus
370 3532 433 3581 lbid.
451 3550 474 3595 p.
488 3534 539 3582 282
555 3537 627 3583 Basil.
646 3538 680 3601 (p.
699 3536 748 3585 409
762 3539 806 3586 Ed.
821 3536 917 3600 lluhn).

176 3618 203 3682 2)
240 3621 292 3672 Cic.
309 3626 383 3671 Tisse.
402 3627 430 3683 Q.
442 3626 484 3675 lll.
504 3627 546 3688 25,
562 3627 603 3677 31.
623 3631 712 3676 Mirum
728 3637 782 3692 est,
801 3632 872 3678 Boot.
893 3632 1007 3690 Baguet,
1026 3630 1071 3690 qui
1087 3634 1186 3676 coetera

143 3711 217 3761 docte
235 3719 261 3761 et
278 3717 368 3763 critice
382 3725 531 3779 persecutus
547 3725 594 3780 est,
611 3722 666 3768 loca
684 3721 832 3783 Ciceronis,
855 3723 900 3769 ubi
918 3722 949 3767 de
970 3719 1105 3782 Chrysippi
1126 3734 1186 3768 con-

142 3803 239 3853 solandi
252 3808 350 3856 ratione
366 3810 490 3872 loquitur,
505 3828 555 3858 non
566 3812 597 3859 ad
607 3799 821 3884 θεραπευτικόν
837 3815 913 3861 huius
926 3814 1079 3876 philosophi,
1096 3813 1140 3862 sed
1154 3813 1185 3861 sd

143 3899 194 3941 tres
210 3897 308 3961 priores
321 3901 399 3949 libros
414 3893 480 3974 περὶ
495 3895 607 3954 παθῶν
626 3907 729 3966 relerre,
748 3923 772 3971 p·
789 3904 840 3952 300
856 3922 913 3968 sqq.

177 3982 202 4030 at
240 3986 292 4037 cie.
315 3991 376 4039 lbid.
399 3993 438 4041 lV.
459 3992 501 4041 29.
