2648 4844
443 1562 448 1574 ,
529 1457 711 1580 <depol
742 1481 796 1555 Π.

147 1836 186 1876 nr
209 1816 420 1877 nnooumr'rrs
444 1800 722 1888 consonn'ronns,
747 1831 863 1886 porros
886 1831 1011 1873 nrrrrorr
1034 1832 1176 1875 romono

235 1948 366 1991 noeroit
391 1948 430 1989 rr
454 1946 649 2005 ormronns,
685 1947 702 1986 o
729 1946 877 1987 noonnrrr
899 1946 1093 2002 snscnrrns,

355 2061 504 2104 Auum
526 2060 737 2102 srunuttnmt‘r
761 2024 967 2103 rnrnosorm.

183 2417 298 2480 Uirum
320 2426 367 2479 est
384 2417 418 2478 in
437 2416 567 2500 primis,
589 2436 627 2479 ao
644 2417 819 2499 plurimum
838 2415 921 2478 valet
939 2413 1129 2500 adlugentis
1149 2424 1175 2477 et

138 2517 282 2594 animum
309 2528 552 2592 demittendum·
565 2540 597 2591 et
620 2527 802 2614 augendum
822 2549 948 2591 sensum
965 2527 1101 2607 doloris,
1125 2527 1175 2591 uhi

142 2666 232 2723 eum,
253 2656 349 2729 quem
371 2641 588 2705 erudelissima
610 2654 711 2704 morte
733 2643 864 2719 amisit,
879 2641 1175 2705 nonomelocondi·

142 2760 227 2821 tione
249 2769 280 2819 et
300 2755 462 2818 infelicem
483 2776 548 2818 esse
573 2767 708 2839 reputat.
741 2755 846 2836 Quam
867 2756 1047 2839 opinionem
1064 2754 1173 2818 confir·

142 2871 269 2934 mebant
288 2870 421 2933 maxime
440 2868 525 2953 apud
542 2871 707 2955 antiquos,
728 2881 796 2933 tum
818 2869 963 2951 fabulae,
992 2890 1075 2953 quae
1097 2870 1173 2950 fere·

141 2984 258 3046 bantur
287 2982 327 3046 de
354 2983 467 3045 misera
500 2981 664 3045 hominum
682 2992 753 3066 post
775 2993 908 3044 mortem
937 2993 1040 3060 statu,
1074 2980 1176 3067 deque

141 3098 271 3183 poe'nis,
295 3118 374 3182 quas
394 3096 501 3159 subire
518 3094 671 3157 deberent
692 3094 857 3172 defuncti,
882 3105 950 3157 tum
973 3097 1066 3158 etiarn
1085 3095 1175 3159 dubi-

142 3211 239 3287 tatio,
265 3219 302 3299 et
322 3208 491 3270 incertum
514 3205 618 3284 illud,
642 3207 807 3276 animusne
827 3217 897 3290 post
916 3218 1052 3270 mortem
1074 3209 1176 3270 vivere

141 3332 310 3407 pergeret,
345 3343 385 3384 an
419 3342 491 3384 vero
523 3320 616 3384 simul
645 3343 719 3384 oum
739 3342 872 3405 corpore
894 3321 1049 3385 interiret.
1092 3321 1175 3384 Nihil

140 3434 239 3520 igitur
266 3420 427 3519 antiquius
448 3433 630 3496 habuerunt
653 3433 852 3518 philosophi,
877 3453 974 3517 quam
996 3443 1031 3495 ut
1052 3435 1176 3496 noxiam

140 3547 224 3611 hanc
250 3547 374 3631 lugenti
405 3546 610 3611 detraherent
634 3548 831 3631 opinionem,
856 3556 953 3631 atque
981 3544 1177 3610 demonstra·

142 3671 231 3737 rent,
263 3669 397 3749 mortem
415 3681 477 3721 non
495 3661 529 3722 in
555 3659 645 3723 malis
670 3681 736 3722 esse
762 3658 952 3722 habendam.
997 3657 1068 3738 Qua
1087 3659 1121 3721 in
1145 3680 1176 3721 re

141 3773 185 3836 ita
202 3773 316 3836 versati
338 3783 430 3851 sunt,
450 3783 486 3835 ut
512 3770 675 3835 dicerent:
700 3774 725 3834 si
749 3793 833 3835 mors
853 3771 998 3833 interitus
1016 3780 1062 3832 est
1082 3772 1177 3834 totius

141 3884 301 3963 hominis,
322 3885 446 3948 nullum
477 3884 628 3948 defuncto
654 3884 762 3947 adesse
788 3883 908 3947 malum
929 3893 1052 3967 potest,
1077 3903 1177 3967 quum

144 3989 267 4061 nullum
286 3999 421 4081 amplius
438 4020 563 4060 sensum
577 3990 708 4074 habeat,
734 3999 848 4059 sivero
867 3997 989 4059 animus
1009 4016 1083 4057 cum
1107 4018 1177 4061 cor·
