2648 4844
640 341 704 400 155.

147 520 260 585 domus
287 521 354 599 ,jam
389 517 544 580 consolari
578 529 706 601 potest,
743 539 801 580 nec
834 517 1043 580 domesticum
1078 539 1187 602 respu-

145 634 269 697 blica.”
284 628 309 718 ¹)

191 746 277 809 Haec
304 756 411 808 autem
433 745 529 807 animi
555 745 698 822 laetitia,
724 732 959 829 q'uaeqnodam
978 745 1072 807 modo
1094 766 1187 807 recu·

146 870 278 945 peratur
298 857 483 942 reputandis
504 858 618 934 bonis,
644 878 727 941 quae
752 859 842 920 nobis
860 868 1047 942 supersunt,
1072 857 1187 920 crescit

147 984 179 1034 et
198 983 339 1056 augetur
355 970 469 1048 valde,
494 970 552 1033 ubi
573 970 808 1034 demonstratur
826 971 881 1048 id,
907 972 994 1055 quod
1014 970 1186 1046 acciderit,

145 1085 223 1148 boni
269 1095 414 1147 naturam
453 1083 593 1161 habere,
640 1083 785 1168 adeoque
828 1084 1014 1147 amissorum
1052 1103 1187 1166 recupe-

147 1199 303 1261 rationem
325 1197 553 1260 detrimentum
574 1197 679 1280 potius
702 1199 790 1275 fore,
815 1219 912 1282 quam
931 1198 1070 1260 lucrum.
1096 1197 1187 1276 Quae

146 1310 305 1373 medicina
324 1311 443 1394 optimc
458 1309 604 1373 adhiberi
612 1323 716 1395 potest
735 1312 781 1389 ei,
802 1313 857 1396 qui
875 1313 1001 1396 cognati
1022 1310 1186 1373 cuiusdam
1211 1389 1217 1395 ἢ

147 1423 268 1486 obitum
290 1425 420 1509 lugeat,
446 1424 502 1486 ubi
513 1424 571 1508 ipsi
584 1425 787 1508 probaveris,
812 1426 1081 1488 mortuianimum
1101 1444 1187 1485 nuuc

145 1537 278 1598 meliore
297 1538 361 1599 frui
384 1537 589 1614 conditione,
621 1558 719 1620 quam
746 1550 849 1608 antea¹
863 1539 985 1615 suerat,
1007 1537 1108 1621 quum
1125 1535 1187 1598 hac

128 1634 178 1710 ¹in
209 1661 294 1712 terra
316 1650 446 1714 viveret.
482 1652 597 1735 ltaque
620 1651 746 1735 antiqui
767 1649 949 1735 philosophi
969 1650 1056 1712 hunc
1079 1650 1187 1712 locum

145 1764 178 1823 in
201 1763 471 1826 consolationibus
490 1763 576 1827 haud
597 1764 818 1849 neglexerunt.
851 1766 920 1826 Non
942 1763 1025 1825 enim
1045 1763 1184 1825 animum
1274 1760 1276 1764 ⁴

145 1898 220 1938 cnm
244 1898 379 1959 corpore
409 1878 541 1941 interire
565 1877 744 1957 docebant,
781 1878 835 1940 sed
866 1889 936 1960 post
966 1889 1102 1939 mortem
1132 1898 1185 1938 ex·

145 2000 246 2067 stare,
278 1983 486 2076 corporisque
514 1992 668 2069 vinculis,
711 1993 827 2077 quibus
864 1990 911 2064 als·
940 1990 1097 2076 ιίμωριάν
1128 2012 1185 2073 per
1275 1999 1282 2011 ⁸

144 2103 240 2164 vitam
274 2103 385 2166 fuisset
414 2105 578 2184 inclusus,
612 2105 805 2183 liberatum,
839 2126 902 2168 non
928 2107 1033 2189 pravis
1059 2103 1185 2188 cupidi-

144 2217 282 2297 tatibus,
308 2239 370 2280 non
400 2219 556 2296 miseriis,
586 2241 648 2282 non
677 2220 795 2281 morbis
818 2219 973 2296 detineri,
1006 2217 1061 2279 sed
1080 2218 1185 2301 ipsum
1247 2269 1259 2276 .

146 2331 252 2393 vivere
275 2352 332 2414 per
352 2352 405 2409 se,
431 2343 628 2416 spectantem
652 2354 707 2411 ea,
726 2353 809 2417 quae
825 2332 932 2395 adhuc
954 2331 1089 2393 obscura
1106 2331 1184 2393 suis-

143 2454 234 2522 sem,
260 2444 499 2529 colloquentem
529 2467 604 2508 cum
626 2446 763 2531 egregiis
792 2446 976 2529 quibusque
995 2444 1184 2528 antiquioris

142 2558 211 2621 aevi
241 2557 336 2635 viris,
363 2570 395 2620 et
413 2558 453 2621 ad
469 2560 573 2642 ipsum
594 2560 735 2622 Deorum
756 2560 1013 2622 communionem
1034 2570 1065 2620 et
1084 2559 1184 2620 lami-

143 2671 314 2733 liaritatem
347 2671 529 2738 admissum.
565 2674 671 2740 Vitam
693 2684 799 2736 autem
824 2672 995 2735 humanam
1017 2667 1187 2757 ἐπιδημίαν

143 2783 304 2869 quandam
334 2784 504 2863 dicebant,
540 2808 640 2870 quum
664 2789 809 2863 animus,
835 2788 956 2872 quippe
976 2786 1101 2849 divinae
1116 2783 1184 2846 ori-

142 2898 236 2982 ginis,
251 2897 319 2978 jam
336 2899 513 2978 exstitisset,
531 2912 702 2986 autequam
713 2912 876 2962 terrenum
888 2899 1036 2962 indueret
1046 2917 1182 2981 corpus,

143 3020 174 3072 et
196 3031 253 3093 per
272 3022 406 3074 mortem
424 3013 503 3096 adeo
523 3014 688 3096 pristinam
702 3010 791 3076 illam
805 3013 1022 3075 conditionem
1038 3022 1069 3072 et
1086 3010 1183 3072 liber·

144 3134 241 3186 tatem
274 3138 465 3209 recuperet,
500 3127 588 3189 velut
621 3149 658 3190 ex
692 3127 951 3211 peregrinatione
982 3126 1016 3187 iu
1048 3124 1182 3208 patriam

141 3259 230 3299 suam
260 3251 432 3303 revertens.
446 3236 471 3324 ²)
517 3241 655 3325 Egregie
688 3239 770 3303 hanc
803 3241 976 3303 orationem
1011 3239 1114 3301 valere
1142 3237 1181 3300 ad

176 3485 200 3549 1)
237 3490 287 3539 Cic.
308 3491 356 3552 Ep.
376 3489 488 3538 ast'v.
505 3489 523 3536 l.
544 3490 587 3537 1v.
604 3492 649 3553 Ep.
668 3488 693 3538 6.
722 3491 757 3538 Cf.
785 3489 847 3540 lbid.
868 3487 1054 3553 1.v.1tp.16.
1084 3491 1184 3540 Brutus

140 3597 164 3630 c.
183 3581 199 3628 2
215 3587 242 3629 et
258 3583 358 3631 Ernesti
374 3582 391 3630 l.
412 3583 429 3631 l.
449 3599 474 3646 p.
492 3581 525 3629 76
544 3599 600 3646 sqq.

174 3672 201 3738 2)
237 3677 396 3741 Hipparchus
414 3694 453 3743 up.
472 3678 541 3726 sloh.
555 3679 624 3726 Flor.
647 3680 687 3726 tit.
708 3677 773 3740 108,
791 3677 840 3735 81;
861 3679 952 3726 Aesch.
973 3679 1083 3726 Aniocls.
1106 3694 1128 3725 e.
1145 3678 1178 3735 ὅς

139 3770 207 3817 Plut.
231 3771 303 3820 Cous.
328 3772 362 3819 ad
378 3772 463 3835 Apoll.
484 3789 508 3836 p.
531 3770 579 3821 ll7
598 3773 623 3820 F.
651 3773 703 3820 Alii
720 3765 812 3822 contra'
836 3789 887 3820 non
906 3773 1057 3835 vitam,sed
1073 3778 1182 3820 mortem

139 3878 198 3909 cum
218 3866 424 3929 peregrinatione
441 3872 620 3930 compararunt
631 3904 637 3929 ,
648 3874 677 3915 ut
693 3867 764 3916 Plato
784 3869 810 3914 in
829 3869 902 3931 Apol.
923 3870 992 3916 Socr.
1013 3885 1037 3932 p.
1054 3865 1095 3916 40.
1112 3869 1181 3915 Plut.

139 3957 174 4004 ad
190 3958 274 4022 Apoll.
295 3976 320 4022 p.
338 3958 416 4025 102,
435 3962 487 4010 alii.
506 3964 616 4026 Quarum
633 3966 717 4011 umen
736 3965 954 4027 comparationum
967 3963 1099 4025 illamugis
1114 3963 1185 4010 anti-

138 4067 249 4112 quorum
268 4053 300 4100 de
319 4064 400 4104 morte
427 4055 589 4121 opinionibus
607 4058 744 4106 convenilt
777 4059 834 4106 voci
850 4058 923 4105 *enim
948 4045 1092 4129 ἐπιδημία
1111 4057 1183 4104 notio
