2648 4844
649 346 690 406 53

144 487 207 582 γάρ
220 487 299 582 <intio
313 485 409 568 οὗτος
426 487 542 559 οὐδένα
558 487 718 560 διδάσκει·
737 489 793 561 διά
810 490 931 571 παντὸς
947 498 985 563 δέ
1001 492 1083 575 ἕδος
1099 501 1185 568 ἐστὶν

146 598 238 688 αὐτῷ
255 608 375 693 φωνεῖν
389 596 428 669 ιδ
447 595 688 690 Ἐπιχάρμειον,
712 598 749 670 Ἀ
767 604 804 670 δὲ
820 605 891 694 χεὶρ
908 600 965 670 σάν
980 614 1075 695 χεῖρα
1090 610 1185 690 νέζει·

146 707 205 790 δός
226 740 258 780 τι
280 715 332 778 καὶ
355 705 436 794 λάβε
456 736 502 780 τι.
559 717 606 780 Ac
628 717 743 781 deinde
765 741 869 782 nonne
890 721 1009 784 iterum
1032 721 1185 788 irridetur

145 827 323 905 Prodicus,
347 828 402 891 ubi
425 828 520 892 huius
539 831 642 893 verbis
662 832 827 895 aSocrate
847 834 997 916 prolatis,
1022 835 1184 900 Antiochus

145 941 226 1004 nihil
246 963 396 1026 pompam
417 941 505 1004 illam
527 945 699 1008 verborum
721 945 847 1007 efficere
866 945 965 1025 dicit,
995 946 1052 1010 sed
1074 949 1183 1012 excla-

144 1067 228 1118 mat:
263 1043 321 1116 οδκ
354 1050 459 1117 ἐπαΐει
486 1044 504 1117 ὁ
538 1055 612 1129 νοῦς
644 1045 919 1136 ἀποπλανώμενος
951 1054 999 1131 εἰς
1032 1049 1184 1133 εὐεπείας

145 1156 257 1250 λόγων,
281 1156 358 1229 ον’δὲ
380 1154 518 1227 ἅπτεται
538 1164 641 1228 ταῦτα
662 1167 719 1254 τῆς
741 1155 934 1252 ὁμοχροέας·
963 1158 1028 1230 ttt'
1058 1165 1106 1240 εἰς
1126 1167 1185 1249 μὲν

143 1267 281 1361 πομπὴν
301 1272 355 1336 καὶ
377 1264 528 1359 ῥημάτων
549 1265 726 1358 άγλαϊσμδν
747 1265 863 1355 άνάιει,
886 1276 944 1362 τῆς
965 1276 1003 1341 δὲ
1024 1268 1183 1364 άληδεέας

145 1378 275 1449 άποδεῖ·
298 1375 340 1446 τά
361 1374 397 1448 δέ
420 1374 602 1471 παθήματα
624 1377 838 1473 σοφισμάτων
859 1379 917 1453 oria
939 1383 1098 1470 άνέχεσαι,
1120 1379 1181 1470 μδ-

143 1517 210 1568 νοις
233 1493 270 1558 δὲ
292 1485 435 1581 άρκεῖται
455 1498 525 1567 τοῖς
546 1494 732 1577 δυναμένοις
752 1497 949 1562 καθικέσθαι
975 1498 1033 1585 τῆς
1060 1499 1179 1586 ψυχῆς.

142 1609 306 1672 Socratica
334 1606 364 1669 id
384 1607 494 1695 ¹plane
527 1608 648 1670 ratione
681 1620 712 1670 et
744 1610 845 1673 ironia
877 1611 972 1687 facit,
1006 1613 1093 1696 quod
1120 1614 1180 1676 rite

141 1721 280 1786 attendit
299 1721 429 1785 Geelius
447 1722 485 1787 V.
499 1721 559 1798 Cl,
581 1723 672 1784 cuius
692 1722 770 1786 haec
792 1735 865 1786 sunt
887 1723 999 1786 verba:
1025 1727 1062 1785 in
1075 1723 1180 1789 Anio-

142 1837 202 1898 elto
221 1838 349 1913 omnio,
368 1858 452 1919 quoe
469 1835 514 1897 ad
528 1836 716 1919 sophistas,
736 1839 915 1920 inprimis
929 1836 975 1899 od
992 1835 1179 1903 Prodicum

138 1952 335 2034 pertinent,
358 1962 440 2011 suaet
459 1971 548 2011 mere
566 1949 768 2028 Platonico,
795 1951 846 2013 itt
865 1926 1019 2014 Socrates
1045 1953 1180 2038 quidem

141 2064 182 2126 de
201 2063 347 2127 Prodici
373 2062 471 2124 londo
497 2062 669 2143 detrahit,
695 2063 754 2126 ssd
769 2052 923 2150 furtim,
940 2066 1071 2150 jocoso,
1099 2068 1179 2132 odeo

142 2192 182 2242 ut
201 2177 342 2240 laudari
365 2176 406 2238 αδ
430 2199 465 2239 eo
487 2190 606 2260 putes,
641 2201 738 2262 quem
756 2202 874 2241 renero
901 2178 992 2242 ludit
1012 2201 1051 2242 oe
1069 2195 1176 2244 conto·

142 2294 242 2356 mnit.
253 2264 284 2376 1)Ι
298 2290 360 2353 Sed
377 2291 450 2352 satis
459 2290 527 2370 jam
538 2290 577 2352 de
590 2292 757 2374 scriptore,
769 2293 872 2374 ipsum
884 2286 1033 2354 adeamus
1045 2292 1175 2359 librum.

185 2405 309 2467 Socrati
329 2404 363 2465 in
381 2403 443 2466 hoc
460 2402 587 2488 dialogo
604 2404 728 2491 obviam
740 2403 775 2466 fit
789 2403 916 2481 Clinias,
932 2404 1067 2467 Aniochi
1080 2405 1175 2484 filius,
1247 2437 1256 2449 ι

142 2519 198 2603 qui
230 2517 291 2601 ipsi
324 2528 449 2594 narrat,
484 2528 608 2600 patrem
634 2516 739 2580 subito
771 2528 953 2601 correptum
976 2539 1043 2580 esse
1065 2520 1175 2583 morbo

131 2610 173 2694 'et
193 2632 275 2693 vitae
297 2630 442 2714 periculo
476 2630 615 2708 versari,
650 2631 813 2716 ipsiusque
843 2631 985 2693 animum
1014 2632 1057 2693 ita
1087 2644 1175 2695 metu

143 2743 364 2828 perturbatum
384 2764 450 2805 esse
464 2743 569 2821 docet,
592 2755 638 2821 ut,
659 2766 757 2827 quum
773 2754 872 2806 antea
890 2744 1021 2805 minime
1041 2756 1176 2807 mortem

143 2859 290 2935 timeret,
320 2878 406 2919 nuere
425 2858 601 2942 aegerrime
622 2856 723 2933 serat,
755 2878 788 2918 se
807 2878 879 2918 mox
897 2879 933 2918 ex
955 2857 1013 2919 hac
1034 2859 1096 2920 vita
1115 2849 1175 2921 de-

143 2992 316 3034 cessurum.
364 2969 560 3033 Adhortatur
580 2969 672 3031 simul
691 2979 722 3031 et
742 2970 887 3031 obsecrat
914 2967 1098 3046 Socratem,
1138 2983 1174 3033 ut

142 3096 263 3167 patrem
285 3083 398 3161 adeat,
430 3095 460 3173 et
491 3106 552 3167 qua
585 3083 706 3167 polleat
729 3081 901 3166 prudentia
932 3103 970 3144 ac
1000 3082 1175 3165 sapientia,

139 3197 245 3281 ipsum
271 3197 454 3260 consoletur
484 3197 617 3280 eiusque
650 3197 791 3258 animum
814 3196 926 3280 erigat.
974 3196 1117 3280 Uterque
1134 3193 1176 3259 ad

138 3310 272 3375 Axiochi
295 3310 425 3373 domum
446 3310 590 3386 accedit,
622 3309 779 3392 illumque
807 3307 1018 3392 deprehendit
1040 3310 1175 3392 corpore

137 3424 271 3510 quidem
293 3425 459 3487 robustum
486 3422 540 3484 sed
561 3423 665 3484 animo
688 3443 837 3506 aegrum,
866 3421 1096 3497 lacrimantem,
1120 3441 1174 3504 ge·

137 3547 300 3616 mentem,
321 3538 446 3623 sibique
468 3548 685 3613 metuentem,
718 3528 804 3619 quod
826 3533 915 3597 brevi
933 3533 1007 3596 luce
1032 3543 1063 3594 et
1084 3532 1174 3594 honis

173 3784 198 3849 ll
234 3788 270 3836 Cl.
290 3788 351 3836 Geel
372 3788 441 3834 Hist.
460 3789 519 3834 crit.
546 3787 657 3850 Sophist.
677 3786 703 3833 in
722 3785 780 3832 Aet.
801 3785 856 3831 Soc.
878 3782 1052 3848 [ἰδιοαο-Τνα]Ι
1074 3780 1130 3830 Vol.
1142 3780 1175 3829 ΙΙ.

138 3897 164 3946 p.
184 3879 242 3929 130.
263 3888 316 3930 not.
334 3887 360 3929 et
379 3897 403 3944 p.
419 3879 481 3929 141.
502 3896 539 3942 sq.
560 3880 649 3927 Mirum
668 3884 724 3940 est,
743 3876 970 3939 wyttenbachium
990 3890 1093 3938 quoque
1112 3891 1172 3922 een·

137 3950 236 4036 auitae,
254 3976 324 4024 hunc
344 3975 471 4036 dialogum
487 3990 516 4021 ex
535 3973 661 4036 sophistae
677 3971 807 4018 cuiusdam
826 3969 925 4018 officina
944 3969 1073 4033 prodiisse.
1099 3970 1174 4030 Diep.

138 4069 170 4114 de
188 4084 229 4116 on.
249 4069 356 4116 irnmort.
377 4086 401 4133 p.
417 4068 478 4117 569.
