2648 4844
686 303 729 367 32

191 484 277 568 lugia
296 481 521 566 compilatum,
544 479 627 546 hanc
646 492 754 547 sutem
772 482 996 548 verosimiliter
1017 503 1093 549 eum
1111 485 1233 551 Hemo-

191 596 346 662 rubilihus
367 618 470 660 unum
488 594 662 659 coniecisse
678 617 757 680 opus
778 596 822 659 ita
843 594 1088 676 demonstrarit,
1111 610 1150 663 ut
1169 599 1232 667 du,

190 711 279 775 hium
295 712 431 794 amplius
447 709 580 787 nonsit,
598 709 678 793 quin
689 709 843 794 Apologia
855 709 1100 794 Xenophontem
1110 711 1232 779 haheat
1287 739 1288 742 ¹

190 837 366 889 auctorem.
382 821 407 909 ¹)
432 824 543 889 Refert
557 834 666 886 autern
682 823 860 906 Xenophon
876 824 911 885 in
928 822 1039 889 libello
1054 824 1112 889 illo
1130 828 1229 893 verba

191 939 348 1016 Socratis,
369 959 453 1023 quae
469 948 501 1000 et
517 937 548 998 io
561 934 686 1017 judicio
698 948 729 1000 et
741 948 811 1021 post
823 935 1120 1003 condemnationem
1136 961 1229 1007 susm

191 1053 320 1117 loeutus
339 1063 425 1129 erat,
449 1051 633 1136 quibusque
652 1071 685 1111 se
703 1051 770 1133 ipse
792 1060 824 1114 et
842 1051 961 1114 amicos
978 1051 1019 1114 de
1034 1051 1154 1134 injusta
1169 1077 1228 1127 sua

189 1178 293 1230 morte
309 1177 376 1229 erat
393 1166 584 1229 consolatus.
618 1164 798 1227 Plurimum
819 1175 928 1228 autem
948 1164 1009 1228 sihi
1029 1166 1228 1248 praesidium

189 1280 311 1345 invenit
321 1280 354 1342 in
367 1279 577 1356 conscientia,
595 1299 628 1340 se
641 1275 750 1358 injusti
768 1277 846 1340 nihil
858 1278 891 1341 io
901 1278 965 1344 vita
982 1279 1154 1363 peregisse,
1169 1280 1227 1346 sod

189 1404 300 1457 contra
320 1393 420 1458 multa
442 1390 482 1455 ad
501 1377 733 1475 discipulorum
753 1391 940 1475 patriaeque
952 1390 1131 1473 ,utilitatem
1147 1415 1225 1461 conv

188 1504 319 1583 tulisse,
352 1523 520 1589 quumque
540 1503 754 1588 Apollodorus
775 1503 993 1571 molestissime
1014 1526 1047 1567 se
1068 1505 1154 1570 serre
1174 1506 1225 1571 di·

187 1629 293 1697 ceret,
317 1617 404 1703 quod
421 1617 540 1700 injuste
558 1619 663 1702 ipsum
686 1618 794 1683 necari
813 1616 955 1696 rideret,
987 1619 1153 1702 praeclare
1171 1642 1225 1685 re·

185 1732 312 1818 spondit
330 1733 494 1797 Socrates:
518 1743 620 1810 „tune
637 1733 739 1817 igitur
754 1731 865 1794 malles
880 1751 931 1794 me
942 1731 1030 1813 juste
1045 1754 1086 1794 au
1103 1732 1225 1815 injuste

185 1846 342 1910 occidii”
352 1842 378 1932 ²)
392 1847 479 1909 Haec
489 1846 590 1930 igitur
601 1845 681 1908 recti
693 1845 887 1908 conscientia
898 1844 936 1907 ad
950 1856 1085 1909 mortem
1095 1846 1225 1911 fortiter

184 1960 397 2045 oppetendam
418 1981 493 2022 eum
505 1958 714 2042 impellebat,
747 1958 901 2043 quocirca
919 1959 1132 2044 Hermogeni,
1163 1962 1225 2046 qui

182 2072 288 2157 ipsum
306 2072 346 2137 ad
366 2094 510 2137 caussam
529 2095 619 2136 suam
635 2071 803 2136 dicendum
818 2072 1075 2151 adhortabatur,
1088 2094 1224 2158 respon-

183 2185 247 2248 dit:
270 2175 310 2249 ori
331 2185 418 2250 donni
440 2205 494 2250 σοι
515 2174 769 2269 ἀπολογεῖσθαι,
796 2183 938 2264 μελετῶν
957 2183 1223 2270 διαβαλλομένοις

181 2289 233 2362 ὅτι
255 2287 348 2361 οὐδὲν
369 2286 478 2360 ἄδικον
499 2293 721 2382 διαγεγένημαι
746 2293 863 2373 ποιαῖν,
891 2289 991 2380 ἥνπερ
1019 2293 1141 2376 νομίζω
1162 2319 1223 2378 με·

181 2405 273 2494 λέτην
294 2397 373 2471 εἶναι
393 2404 562 2492 καλλίστην
584 2397 805 2493 molestans)
832 2409 1001 2472 Praeterea
1019 2406 1052 2472 id
1070 2409 1132 2492 ip'si
1150 2423 1222 2476 erat

181 2518 311 2596 solatio,
345 2517 433 2602 quod
454 2539 491 2580 ea
512 2519 712 2601 potissimum
738 2521 821 2583 ritae
842 2532 945 2584 aetate
966 2521 1025 2584 sibi
1047 2533 1128 2586 esset
1149 2545 1221 2588 mo·

180 2631 346 2710 siendum,
371 2652 436 2716 que
458 2643 489 2694 et
507 2631 724 2715 voluptatibus
743 2635 826 2697 vitae
848 2646 927 2698 esset
942 2635 1079 2714 fruitus,
1110 2658 1220 2723 neque

178 2744 352 2809 senectutis
377 2745 460 2808 mala
490 2757 650 2829 expertus.
685 2745 756 2808 Νῦν
769 2742 826 2825 tle',
850 2748 896 2811 sie
915 2749 977 2827 sit,
1002 2743 1033 2810 εἰ
1058 2741 1107 2812 ἔτι
1133 2770 1220 2836 προ-

177 2844 313 2942 βήσεται
338 2845 357 2942 ἦ
383 2843 504 2942 ἡλικία,
539 2846 597 2921 οἷδ’
626 2848 677 2922 ὅτι
704 2846 820 2944 ἀνάγκη
849 2853 940 2925 ἔσται
965 2851 1007 2923 τοὶ
1027 2859 1088 2924 τοῦ
1108 2849 1220 2947 γήρως

178 2956 427 3045 ἀποτελεῖσθαι,
460 2964 514 3029 καὶ
540 2959 620 3052 ὁρᾶν
644 2989 681 3030 τε
708 2970 831 3054 χεῖρον,
863 2968 918 3033 καὶ
949 2960 1074 3035 duodece
1103 2961 1217 3058 ἧσσον,

176 3073 230 3139 καὶ
257 3073 524 3161 δυσμαθέστερον
545 3066 638 3153 εἶναι,
660 3075 714 3141 καὶ
736 3069 780 3144 ὦν
801 3074 928 3161 ἔμαθον
948 3077 1217 3167 ἐπιλησμονέστε-

177 3206 243 3271 ρον.
259 3233 291 3241 -
323 3174 411 3251 Ὁταν
437 3182 475 3250 δὲ
507 3175 652 3273 ἄσχημον
682 3189 740 3268 μὲν
765 3188 864 3278 μηδὲν
888 3189 971 3278 μηδὲ
998 3191 1154 3280 δυσχερὲς
1181 3191 1217 3260 ἐν

175 3297 247 3368 ταῖς
272 3284 412 3379 γνώμαις
436 3294 501 3361 τῶν
531 3286 701 3384 παρόντων
728 3300 957 3387 καταλίπηται,
995 3291 1081 3387 ὑγιὲς
1108 3303 1146 3370 δὲ
1173 3298 1238 3370 τό·

176 3405 271 3488 σῶμα
297 3401 379 3490 ἔχων
405 3406 459 3472 καὶ
489 3399 545 3494 τήν
576 3401 684 3495 ψυχήν
716 3409 888 3498 δυναμένην
920 3412 1212 3502 φιλοφρονεῖσθαι,

174 3617 377 3626 —.-·.—-

209 3745 235 3805 ll
270 3748 317 3796 Vid
334 3748 369 3797 Cl.
387 3749 448 3797 Geel
465 3749 553 3799 Corum.
574 3750 605 3797 de
625 3753 735 3816 Xenoph.
755 3756 827 3817 Apol.
847 3756 916 3803 Soer.
939 3773 970 3803 oc
983 3762 1064 3820 postr.
1082 3772 1136 3821 cop.
1153 3760 1211 3806 Me-

173 3841 336 3888 morabilium
353 3842 380 3889 in
399 3842 529 3892 Commont.
548 3846 604 3891 λον.
624 3853 682 3894 tert.
702 3848 740 3896 ct.
758 3849 878 3896 [restituti
893 3853 964 3915 regii
978 3852 1053 3915 Belg.
1075 3851 1129 3898 Vol.
1148 3852 1190 3899 VI.

209 3930 235 3992 2)
269 3934 342 3997 Apol.
360 3936 430 3985 Socr.
447 3952 470 3985 e.
487 3936 529 3986 28.
546 3939 581 3986 Cl.
596 3956 618 3987 e.
637 3939 678 3988 24.

208 4024 239 4089 3)
275 4026 339 4074 lhid.
359 4042 382 4074 c.
402 4026 425 4075 3.
