2648 4844
641 307 683 366 et

140 483 269 566 antiqui
287 493 400 565 poetae
420 493 451 544 et
471 482 653 568 philosophi
676 486 850 564 affirmant,
875 487 983 549 locum
1010 511 1075 550 esse
1094 512 1187 574 sepa-

143 608 248 659 ratum
268 597 328 679 piis
346 595 569 680 honestisque,
602 599 658 682 qui
681 598 905 676 decesserunt,
939 601 994 662 uhi
1024 624 1099 665 cum
1122 605 1186 667 Diis

143 720 329 786 versantur,
352 708 490 771 divinam
509 723 638 795 agentes
655 712 778 789 sitam,
799 713 857 774 tihi
880 713 1029 797 quidem,
1051 717 1185 801 odpol-

142 824 228 900 loni,
246 821 571 905 pulcherrima‘adest
592 846 681 908 speS,
703 824 805 887 filium
827 837 922 906 tuumv
938 828 970 888 in
991 828 1097 891 beatas
1116 829 1185 892 illas

142 936 324 1019 profectum
346 958 412 998 esse
434 938 598 1022 regiones,
622 920 745 1021 quippe
764 940 819 1022 qui
848 938 1067 1002 honestissime
1090 944 1185 1007 vitam

142 1051 255 1134 egerit.
291 1048 411 1122 Καλῶς
434 1037 489 1112 οὖν
509 1041 674 1135 ποιήσεις,
697 1048 750 1111 καὶ
771 1051 818 1131 τρι
841 1041 926 1134 λόγῳ
950 1052 1112 1132 πεισθεὶς,
1131 1054 1185 1117 καὶ

141 1162 190 1243 τῷ
211 1158 371 1246 μακαρίτη
388 1179 448 1222 σου
465 1158 533 1241 σὶῴ·
541 1149 765 1245 χαρισάμενος,
788 1158 842 1222 καὶ
862 1155 1052 1242 μεταβαλών
1074 1161 1107 1227 ἐκ
1128 1165 1186 1250 τῆς

142 1263 333 1359 οἷνωφελοδς
354 1268 433 1356 περὶ
454 1263 492 1333 cd
516 1271 611 1350 σαῖμα
637 1270 691 1333 καὶ
717 1263 774 1356 την
802 1262 908 1356 ψοχην
934 1264 1104 1346 κακώσεως
1133 1274 1187 1338 καὶ

138 1379 347 1467 διαφθορᾶς,
372 1377 427 1442 ε’τιὶ
447 1373 504 1467 την
526 1370 651 1468 σονηδη
675 1402 728 1445 σοι
743 1375 893 1444 καὶκατὰ
912 1373 1012 1468 φύσιν
1028 1379 1186 1474 διαγωγὴν

140 1490 259 1557 ἐλθεῖν.
285 1479 337 1564 Ὡς
354 1483 417 1577 γὰρ
433 1483 510 1554 οὐδὲ
533 1493 677 1572 συμβιοῦν
699 1482 772 1578 ἡμῖν
794 1487 897 1580 ηδέισς
923 1494 1011 1582 δὀιρα
1032 1499 1188 1584 κατηφεῖς

141 1595 252 1688 ὄντας,
278 1593 354 1666 οὕτε
376 1621 428 1681 σε,
453 1594 531 1666 οὕτε
552 1593 608 1687 την
629 1601 766 1689 μητέρα,
798 1597 902 1678 οὕτως
930 1597 1006 1671 οὐδὲ
1033 1607 1085 1670 νῦν
1104 1599 1187 1688 μετα

137 1714 232 1777 ’θεῶν
263 1704 321 1792 ὤν,
349 1711 404 1776 καὶ
429 1703 558 1785 τούτοις
585 1703 848 1796 συνεστιώμενος,
879 1706 1122 1802 εὐαρεστήσειεν
1148 1709 1187 1779 ἂν

140 1824 182 1910 τῇ
203 1815 337 1910 τοιαύτη
360 1817 449 1906 ὑμῶν
471 1823 623 1910 διαγωγῇ.
658 1814 790 1910 Ἄνδρδς
812 1815 868 1890 οὖν
895 1818 1024 1910 ἀγαθοῦ
1045 1824 1098 1889 καὶ
1120 1847 1188 1909 γεν-

140 1934 233 2000 ναίον
253 1933 307 2024 καὶ
329 1933 519 2021 φιλοτέκνου
536 1926 689 2022 φρόνημα
711 1928 892 2017 ἀναλαβών,
922 1927 1058 2001 σεαυτόν
1076 1957 1113 1998 τε
1134 1935 1187 2000 καὶ

140 2038 197 2132 την
214 2043 339 2131 μητέρα
353 2046 413 2109 τοῦ
437 2045 617 2126 νεανίσκου,
639 2045 692 2121 καὶ
713 2038 789 2119 roric
809 2052 970 2132 συγγενεῖς
992 2045 1047 2113 καὶ
1067 2044 1188 2134 φίλους

141 2151 274 2221 ἔκλυσαι
292 2156 356 2243 τῆςῗ
371 2147 489 2243 ταύτης
505 2155 767 2239 κακοδαιμονίας,
784 2155 832 2231 εἰς
846 2149 1057 2245 γαληνότερον
1072 2157 1187 2240 μετελ-

141 2262 214 2332 θών
229 2268 309 2351 βίον
336 2270 444 2356 σχῆμα
464 2267 517 2330 καὶ
532 2268 813 2356 νιροςφιλέστατον
839 2270 887 2352 τῷ
908 2292 944 2331 τε
967 2266 1028 2350 olqi'
1048 2286 1108 2332 σοσ
1134 2266 1188 2330 καὶ

141 2380 242 2443 πᾶσιν
262 2370 336 2467 ἡμῖν
354 2384 426 2453 τοῖς
444 2378 631 2466 κηδομένοις
652 2398 712 2444 σου
731 2377 811 2444 κατα
824 2372 862 2444 cd
879 2379 1052 2466 προσῆκον.

187 2493 320 2556 Diversa
342 2492 436 2576 plane
463 2492 503 2555 ab
530 2492 601 2556 hoc·
622 2515 718 2577 opere
751 2505 797 2556 est
817 2492 878 2555 alia
901 2492 1097 2568 consolatio,
1122 2512 1187 2575 qua

142 2606 336 2670 Plutarchus
359 2608 563 2670 Timoxenam
586 2630 737 2686 uxorem,
759 2608 792 2668 in
812 2607 964 2690 parvulae
979 2605 1064 2668 filiae
1077 2604 1186 2680 obitu,

142 2722 311 2800 admonet,
336 2734 372 2785 ut
403 2745 443 2785 ne
466 2722 570 2785 dolori
601 2723 788 2808 indulgeat,
824 2746 887 2785 non
909 2722 1054 2785 lectionis
1082 2720 1187 2802 copias

143 2858 354 2920 expromens,
391 2836 445 2898 sed
479 2837 624 2919 proprios
660 2838 755 2898 animi
797 2858 905 2898 sensus
938 2835 1096 2917 prodens,
1131 2836 1188 2918 qui

147 2974 222 3014 cum
242 2951 465 3038 communione
488 2948 623 3027 doloris,
649 2950 766 3012 all'ectu
793 2950 890 3033 patris
913 2959 944 3009 et
964 2948 1086 3024 mariti,
1110 2969 1188 3029 pru-

142 3065 252 3148 dentia
275 3077 306 3127 et
333 3064 551 3128 moderatione
574 3063 632 3124 viri
659 3063 762 3141 docti,
788 3085 845 3146 per
863 3073 960 3124 totam
982 3061 1186 3143 scriptionem

142 3180 359 3242 dominentur.
374 3175 399 3263 ¹)
437 3179 506 3240 Non
522 3178 622 3261 igitur
644 3176 833 3260 philosopha
853 3198 891 3238 ac
913 3175 1024 3238 subtili
1039 3174 1078 3236 de
1099 3173 1188 3234 malis

142 3294 366 3377 disquisitione
400 3293 506 3354 uxoris
539 3291 681 3353 dolorem
721 3291 865 3351 minuere
896 3289 1026 3370 studet,
1063 3288 1116 3350 sed
1149 3287 1186 3350 ad

143 3408 303 3471 muliebre
323 3407 391 3468 eius
410 3407 576 3491 ingenium
607 3405 783 3468 orationem
809 3399 1069 3477 accommodans,
1095 3402 1188 3488 modo
1230 3448 1232 3452 -

144 3523 314 3597 hortatur,
350 3519 444 3583 modo
477 3519 596 3594 laudat.
641 3517 823 3592 Carissimo,
857 3516 903 3578 sic
928 3516 992 3592 ait,
1027 3514 1189 3585 carissima
1281 3564 1285 3571 .

181 3840 206 3902 l)
245 3841 297 3887 Vid.
316 3840 448 3902 Wyttenh.
466 3846 552 3886 nrrnot.
569 3840 599 3886 ad
623 3839 689 3885 Plut.
709 3840 779 3884 Coris.
801 3838 835 3883 od
852 3837 934 3899 Apoll.
954 3835 1009 3880 Vol.
1027 3833 1069 3878 Vl.
1092 3848 1114 3892 p.
1130 3831 1189 3877 696.

144 3934 183 3984 Cf.
209 3934 309 3994 Abbing
335 3936 408 3982 Dies.
431 3934 461 3981 de
478 3933 563 3979 indole
584 3933 722 3979 Plutarchi
740 3933 766 3976 ν’νι
785 3932 891 3992 seriptis
906 3930 1049 3990 corispindo.
1077 3926 1140 3986 Truj.
1158 3925 1189 3970 ad

145 4029 191 4074 th.
216 4026 299 4084 1839,
322 4046 344 4089 p.
365 4027 398 4073 59
414 4045 468 4089 sqq.
