2648 4844
699 344 742 409 96

201 527 333 611 sophos,
364 539 395 589 et
419 527 545 590 discere
571 528 612 590 ab
641 530 695 604 iis,
726 550 809 613 quae
838 531 977 612 prosint,
1007 550 1090 613 quae
1118 529 1238 608 obsint;

205 641 323 725 quibus
353 643 378 729 si
410 642 696 724 obtemperaverit,
726 640 853 725 placide
882 652 1078 704 senectutem
1111 653 1240 705 acturus

205 766 269 831 est,
289 777 393 840 neque
404 757 572 817 instantem
588 755 806 817 reformidabit
818 767 962 818 mortem.
990 756 1121 817 Mortem
1138 757 1239 832 enim,

204 890 301 952 quam
334 890 369 929 ex
398 890 505 930 rorum
525 879 636 930 natura
665 891 789 930 omnem
810 881 841 930 ct
862 869 1012 951 optimam
1043 869 1122 931 adeo
1146 872 1239 932 vitam

204 1003 331 1044 manere
359 981 482 1059 rideat,
510 1004 571 1044 non
601 982 737 1065 amplius
763 983 946 1058 verebitur,
975 981 1028 1042 sed
1061 983 1188 1065 placido
1209 995 1238 1046 et

133 1153 135 1156 ,
203 1095 286 1157 lacto
316 1097 452 1179 accipiet
483 1097 598 1159 animo.
652 1095 738 1156 Nihil
763 1117 838 1158 vero
866 1095 930 1157 buc
958 1096 1063 1156 valent
1093 1095 1237 1175 divitiae,

203 1219 281 1293 quas
315 1209 461 1272 nonnulli
495 1231 646 1294 maguum
677 1208 824 1272 solatium
857 1231 922 1269 esse
951 1208 1080 1269 senibus
1108 1222 1236 1293 putant,

203 1324 323 1406 quippe
342 1345 425 1408 quae
446 1322 622 1406 voluptates
643 1322 773 1406 quidem
796 1342 962 1405 corporeas
989 1323 1143 1404 praebere
1169 1347 1238 1408 pos-

202 1438 283 1513 sint,
319 1427 395 1499 oibe
426 1433 461 1499 δὲ
500 1427 660 1515 εὐθυμίαν
687 1426 762 1497 ollas
791 1433 826 1497 δὲ
856 1426 994 1497 α’λνντίαν
1019 1426 1166 1512 οὐδαμοῦ
1193 1439 1237 1518 rqi

200 1545 377 1634 κεκτημένῳ
392 1547 592 1635 παράσχοιεν
612 1539 659 1609 ἄν.

245 1662 291 1723 Ile
312 1671 479 1724 senectute
497 1682 626 1745 quoquc
650 1660 776 1744 scripsit
799 1657 1004 1738 Favorinus,
1028 1659 1235 1744 philosophus

201 1776 391 1838 Arelatensis
415 1798 452 1837 ex
474 1775 594 1850 Gallia,
618 1776 675 1858 qui
697 1776 891 1856 Imperatore
914 1773 1074 1837 Hadriano
1093 1775 1187 1851 vixit,
1207 1785 1235 1835 et

200 1889 339 1972 plurima
365 1888 543 1972 composuit
565 1909 676 1971 opera,
699 1899 760 1949 tam
783 1885 955 1964 historica,
980 1909 1076 1972 quam
1094 1888 1235 1971 pbiloso-

200 2003 278 2087 pba,
300 2025 382 2088 quae
410 2014 512 2066 tamen
544 2002 582 2064 ad
615 2024 712 2063 unum
747 2002 851 2062 omnia
875 1998 1091 2087 perierunt.¹)
1129 2004 1235 2085 Repo-

200 2118 328 2179 riuntur
348 2140 423 2180 vcro
443 2116 529 2200 apud
549 2117 719 2178 Stobacum
739 2115 915 2199 fragmenta
934 2117 1090 2200 quaedam
1110 2138 1148 2179 es
1171 2118 1235 2177 eius

199 2232 282 2295 libro
301 2228 377 2316 sapt
401 2220 517 2319 γήρως,
542 2231 659 2314 quibus
679 2230 816 2312 plurima
839 2230 921 2292 bona
945 2231 976 2291 in
996 2242 1161 2293 senectute
1183 2230 1234 2292 ad-

199 2367 266 2409 esse
286 2345 460 2409 contendit.
494 2346 698 2428 Quicumque
718 2345 821 2422 enim,
845 2345 891 2407 sic
911 2346 972 2421 ait,
999 2344 1161 2427 voluptate
1182 2347 1234 2407 ab·

147 2507 150 2514 .
199 2463 315 2537 stinet,
356 2462 481 2542 sapiens
520 2469 585 2535 est,
626 2459 823 2543 quicumque
857 2479 924 2520 eam
959 2481 1022 2521 non
1055 2458 1233 2534 desiderat,

198 2575 321 2637 beatus.
358 2573 405 2636 nd
428 2585 601 2657 utrumque
621 2573 719 2655 igitur
747 2565 859 2635 idonea
881 2585 927 2635 est
952 2585 1117 2651 senectus,
1155 2594 1234 2658 quae

199 2689 341 2750 homines
364 2669 394 2749 et
406 2685 629 2770 prudentiores
649 2684 772 2762 reddit,
792 2698 822 2747 et
845 2687 1043 2770 voluptatum
1064 2677 1234 2772 negligen-

198 2802 304 2865 tiores.
318 2796 343 2885 ²)
381 2800 535 2882 Voluptas
554 2811 677 2876 autem,
709 2821 793 2883 quae
825 2821 898 2862 vere
925 2802 968 2863 ita
995 2823 1013 2862 a
1041 2802 1234 2884 sapientibus

198 2927 347 2992 vocatur,
371 2924 417 2976 est
438 2904 524 3000 χαρά
545 2909 598 2972 καὶ
619 2908 739 2995 τέρψις
761 2904 780 2997 i}
802 2911 1019 2997 περιγίγνεται
1041 2913 1074 2978 ἐκ
1096 2915 1161 2976 των
1182 2938 1233 2975 κα-

197 3033 260 3097 λων
281 3023 484 3119 μαθημάτων
509 3028 562 3092 καὶ
589 3030 652 3093 των
680 3020 816 3108 ἐνδόξων
842 3024 1115 3116 κατορθωμάτων.
1150 3037 1234 3097 Haec

196 3158 302 3208 autem
320 3144 437 3207 adsunt
456 3144 540 3219 seni,
562 3142 642 3204 hace
659 3142 820 3205 recordari
842 3165 966 3227 semper
985 3157 1107 3227 potest,
1133 3148 1234 3233 iisque
1255 3216 1276 3231 .

197 3320 400 3329 ————-

230 3409 255 3474 ll
292 3411 406 3458 Favorini
422 3411 497 3456 vitum
508 3415 608 3456 enarrat
621 3410 788 3457 Philostratus
804 3410 822 3458 l.
837 3410 878 3472 8.,
895 3412 1000 3473 eiusque
1015 3415 1170 3462 mentionem
1181 3432 1235 3463 sac-

196 3506 252 3568 pius
273 3506 334 3559 facit
355 3505 467 3551 eiusdem
490 3503 629 3565 discipulus
648 3504 706 3550 sul.
729 3503 825 3550 Gellius
853 3510 879 3552 et
906 3506 1044 3566 fragmenta
1062 3510 1186 3556 nonnulla
1206 3525 1234 3556 ex

196 3600 270 3645 variis
291 3599 346 3645 eius
368 3597 439 3643 libris
461 3598 569 3643 servavit
597 3598 726 3644 Stohaeus.
767 3595 805 3646 Cf.
830 3613 895 3659 quae
920 3598 950 3645 de
972 3616 1001 3647 eo
1018 3607 1173 3649 monuerunt
1196 3602 1232 3652 (Ἰ.
1303 3646 1305 3650 a

196 3692 324 3739 Schlosser
344 3691 541 3740 ursivessatta'st.
561 3691 659 3739 Uebers.
677 3690 722 3739 der
736 3691 804 3736 alten
822 3693 896 3752 Wett,
916 3693 971 3740 Vol.
988 3695 1033 3741 Ill.
1051 3696 1076 3742 P.
1095 3696 1126 3742 ll.
1146 3713 1169 3758 p.
1185 3695 1233 3742 185
1288 3744 1292 3750 ,

195 3801 251 3847 sqq.
268 3790 294 3832 et
312 3786 383 3832 Doct.
401 3784 494 3846 Kayser
510 3784 540 3832 ad
554 3784 742 3830 Philas-tratum
755 3800 779 3846 p.
796 3782 845 3830 181
865 3801 920 3847 sqq.
953 3787 988 3833 lle
1007 3805 1037 3834 eo
1054 3789 1155 3851 scripsit
1165 3791 1236 3835 Fors-

195 3879 341 3949 manless'.
356 3878 386 3924 de
406 3878 533 3924 Favorino
546 3878 613 3940 phil.
630 3876 710 3923 Ᾰοαά.
728 3875 908 3939 nh01780,t.
926 3895 1000 3940 quam
1015 3885 1098 3928 tamen
1109 3882 1234 3945 inspicere

195 3972 255 4018 milii
279 3988 329 4018 non
348 3971 429 4018 licuit.

230 4064 259 4125 2)
296 4066 363 4111 Stob.
387 4066 453 4111 Flor.
474 4066 513 4111 tit.
531 4063 590 4125 115,
604 4062 674 4109 tter
694 4061 735 4110 24.
756 4066 799 4111 Ed.
818 4067 891 4112 Gaisf.
