2648 4844
634 316 678 375 74

139 511 198 575 nt,
222 500 355 560 interire
372 494 522 571 dicebat,
546 496 632 556 nasci
648 507 756 556 autem
772 513 910 567 ammos,
928 491 1017 576 quod
1034 491 1169 554 declaret

138 633 250 675 eorum
261 608 453 684 similitudo,
465 609 521 692 qui
534 619 762 691 procreantur,
777 626 863 690 quae
872 605 969 666 etiam
979 606 1013 665 in
1023 606 1168 690 ingeniis,

140 747 204 788 non
229 725 333 786 solum
361 725 395 784 in
424 722 634 806 corporibm,
658 731 822 804 appareat.
856 720 941 781 fluic
963 719 1099 781 alteram
1119 718 1168 781 ad-

139 838 235 900 debat
254 837 424 897 rationem:
449 835 530 897 nihil
544 857 629 911 csse,
654 834 741 918 qood
760 832 883 903 doleat,
901 832 1029 916 quinid
1044 854 1172 917 aegrum

139 971 207 1012 esse
229 970 361 1033 quoque
391 950 506 1032 possit:
538 947 626 1032 quod
652 959 760 1009 autem
783 948 817 1008 iu
838 946 987 1008 morbum
1007 945 1121 1022 cadat,
1142 944 1173 1007 id

139 1063 235 1125 ctiam
254 1063 481 1138 interiturum3
505 1061 616 1123 dolere
636 1073 745 1122 autem
765 1063 904 1136 animos,
925 1081 1004 1143 ergo
1019 1060 1116 1120 etiam
1128 1058 1173 1119 in·

139 1176 249 1239 terirc.
263 1182 289 1259 ¹]
320 1177 403 1238 Hinc
421 1177 554 1238 fortasse
575 1176 723 1236 solatium
744 1173 873 1258 petcint
888 1175 922 1234 in
940 1185 1029 1234 metu
1047 1173 1173 1247 mortis,

140 1289 327 1365 ostendens,
347 1290 473 1351 nullum
494 1291 526 1349 in
548 1298 651 1349 morte
670 1286 781 1348 adesse
801 1308 945 1362 sensum,
968 1306 1094 1369 perque
1108 1307 1176 1347 eam

140 1402 302 1465 hominem
320 1424 339 1463 a
362 1402 443 1463 ritae
460 1401 594 1462 miseriis
615 1401 756 1463 liberari.

186 1512 395 1576 Posidonius
421 1535 555 1598 quoque
581 1513 657 1575 huic
680 1512 901 1597 philosophiae
926 1514 999 1574 loco
1015 1511 1103 1574 haud
1123 1510 1176 1573 dc·

140 1628 212 1690 suit.
255 1629 285 1690 ls
302 1628 405 1707 enim,
428 1639 573 1710 utsupra
590 1626 889 1703 animadvertimus,
903 1627 937 1686 in
954 1624 1177 1687 distributione

140 1741 381 1825 philosophiae,
411 1741 618 1804 consolationi
641 1763 735 1802 suum
756 1742 789 1801 in
813 1741 919 1803 ethica
940 1740 1050 1802 iocum
1069 1737 1175 1812 dedit,

140 1864 239 1938 atque
259 1853 320 1916 hac
344 1854 385 1916 dc
412 1853 708 1937 perturbationibus
738 1852 953 1935 disputatione
980 1850 1177 1934 potissimum

140 1968 360 2051 quaestionem
371 1966 412 2030 dc
434 1966 623 2041 virtutihus,
648 1964 754 2050 deque
765 1966 829 2027 fine
846 1966 1004 2028 honorum
1022 1962 1176 2026 contineri

140 2078 280 2143 dicebat.
320 2077 458 2160 Νομίζω
480 2072 555 2162 γὰρ,
577 2080 643 2156 ait,
666 2077 719 2140 καὶ
741 2070 797 2162 τὴν
811 2076 889 2161 περὶ
905 2068 1039 2159 ‹isa-‘ime
1054 2073 1108 2136 mi
1124 2099 1178 2136 κα-

140 2190 218 2269 κῶν,
240 2189 294 2252 καὶ
308 2182 365 2275 τῆν
380 2189 458 2275 περὶ
477 2188 592 2265 seinis,
610 2188 663 2251 mi
679 2181 735 2273 τήν
748 2185 827 2272 περὶ
839 2180 975 2272 ἀρετῶν,
987 2184 1023 2248 ἐκ
1034 2186 1093 2271 τῆς
1102 2184 1178 2271 περὶ

141 2301 263 2364 παθῶν
288 2292 403 2387 ὀρθῶς
424 2298 629 2383 διασκέψεως
654 2292 866 2386 ἤρτῇσθαιὶ)
908 2298 1044 2382 Scripsit
1073 2309 1178 2360 auteur

141 2435 221 2497 opos
239 2413 318 2499 περὶ
335 2415 469 2491 παθῶν,
493 2414 585 2476 cuius
611 2425 737 2497 partem
762 2411 908 2475 sedandis
932 2433 971 2474 ac
1000 2410 1178 2473 mmuendis

140 2523 326 2603 doloribus,
357 2537 395 2588 ut
423 2526 640 2609 Chrysippus,
676 2545 878 2589 consecrasse
905 2523 1054 2603 videtur3
1083 2535 1178 2608 atque

140 2636 207 2699 huc
231 2639 371 2720 pertinet
396 2639 549 2715 fortasse,
573 2639 662 2723 quod
689 2640 902 2724 Hieronymus
923 2639 984 2701 ait:
1018 2637 1178 2723 Legimus

141 2748 359 2826 Creatorem,
389 2753 489 2812 cuius
513 2752 670 2813 volumen
694 2752 741 2814 od
765 2727 1006 2837 confovendum
1032 2750 1178 2812 dotem

139 2882 242 2924 suum
265 2875 401 2927 secutos
426 2877 486 2927 est·
504 2864 641 2941 Cicer03
660 2864 842 2943 Plateam,
865 2865 1052 2950 Diogenis,
1076 2863 1179 2928 Clito

139 2974 269 3053 machi,
292 2975 497 3055 Carneadis,
524 2977 709 3041 Posidonii
731 2979 779 3040 ud
793 2977 955 3041 sedandos
973 2978 1088 3040 luctus
1105 2999 1179 3060 epu·
1223 3004 1226 3007 ·

139 3086 234 3149 scula
247 3092 502 3171 percurrimus,
517 3094 578 3174 qui
594 3089 743 3152 diversis
760 3091 948 3169 aetatibus,
969 3091 1179 3153 diversorum

142 3196 292 3276 hactum,
307 3200 362 3261 vel
377 3200 481 3262 libris
494 3202 548 3262 vel
564 3204 738 3286 epistolis,
754 3207 909 3265 minuere
923 3216 1005 3266 sunt
1021 3205 1143 3266 costati.
1152 3197 1175 3282 ³)

140 3306 252 3394 Neque
271 3310 356 3374 enim
381 3334 419 3376 ex
445 3313 508 3378 hoc
527 3336 593 3378 uno
614 3316 704 3394 loco,
729 3329 766 3380 ut
784 3316 889 3378 verbis
906 3327 979 3380 utar
997 3316 1044 3381 cl.
1067 3314 1175 3389 Batti,

141 3504 348 3516 --o-——

174 3632 200 3697 1)
236 3634 290 3687 cic.
307 3638 384 3684 Tisse.
401 3638 430 3699 Q.
449 3636 468 3686 Ι.
488 3635 530 3685 32.
551 3638 598 3689 Cff.
617 3640 752 3701 Wytteuh.
773 3642 850 3703 Disp.
867 3640 899 3688 de
910 3656 952 3688 an.
968 3642 1036 3687 im.
1054 3655 1080 3704 p.
1096 3636 1179 3686 623οὶ

140 3727 194 3776 Van
210 3728 314 3792 Lyndeu
332 3730 350 3778 Ι,
365 3730 382 3778 1,
400 3746 425 3796 p.
440 3727 483 3778 70.

174 3818 200 3883 2)
236 3823 346 3871 Galenus
361 3825 401 3871 Do
417 3825 494 3887 Hipp.
513 3829 539 3872 ot
550 3824 620 3871 Poe.
640 3823 707 3872 decr.
724 3825 742 3873 Ι.
763 3825 792 3874 V.
813 3841 838 3891 p.
850 3823 899 3872 291
916 3824 989 3871 Besil.
1007 3823 1043 3889 (p.
1060 3821 1121 3885 469,
1136 3821 1177 3870 Ed.

142 3910 228 3975 liuhu)
248 3913 287 3964 Cf.
311 3914 350 3965 Cl.
367 3916 459 3964 Bobius
474 3918 550 3981 Disp.
566 3917 598 3965 de
614 3917 752 3966 Posidonio
770 3935 796 3984 p.
816 3915 867 3964 19⁷
883 3923 911 3965 et
926 3915 977 3964 222
991 3932 1047 3978 sqq.

176 4001 202 4065 8)
238 4005 444 4068 hieronymusin
462 4010 584 4073 Epitaph.
604 4011 695 4073 Nepet.
712 4011 737 4059 T.
748 4010 766 4060 1.
786 4027 812 4076 p.
823 4008 865 4057 22.
