2648 4844
609 364 646 420 l·l

108 536 140 610 iu.
160 516 311 609 leniendo
331 537 442 613 dolore
461 549 493 601 et
510 538 710 610 oonsolsndis
728 541 854 610 miseris
870 542 1142 624 praestantiam-

103 651 232 735 quails
247 652 446 727 accuratiore
458 652 700 744 investigatione
715 651 900 738 dignissima
914 655 1141 739 quaestiones,

105 785 191 849 quo,
207 763 299 840 duce
314 764 539 850 philosophis,
556 767 589 840 in
610 765 720 836 eadem
732 788 766 831 re
779 770 988 851 pervenerint
1004 768 1142 852 namqui.

105 879 193 950 Haec
205 879 298 951 enim
315 877 402 963 apud
422 878 535 950 coslus
547 879 614 947 fere
626 891 723 964 etque
735 903 785 945 ars
797 882 971 959 ritaeeret,
984 880 1064 949 haec
1077 880 1144 949 sola

108 991 268 1069 medicina
282 994 386 1067 :animi
403 992 596 1072 habebatur,
618 991 699 1065 haec
719 996 882 1078 puriorem
903 995 1040 1066 docendi
1063 995 1143 1063 reli*

106 1106 236 1190 gionens
246 1117 352 1192 pantes
370 1107 434 1183 sihi
455 1105 648 1181 ¹vindicabat.
661 1105 686 1194 ¹)
720 1109 948 1194 ltaquenoh'is,
960 1107 1144 1194 disputandi

95 1231 333 1305 'argumentum
349 1220 597 1305 quaerentibus,
616 1221 772 1306 inprimis
789 1220 845 1294 hio
861 1221 1085 1306 philosophiae
1096 1223 1143 1289 lo

109 1355 164 1409 tul
187 1334 312 1414 astitit,
346 1345 383 1407 ut
405 1335 524 1429 quihus
546 1335 733 1410 consolandi
751 1337 930 1408 redonibus
948 1338 1003 1406 usi
1023 1338 1145 1409 fuerint

107 1448 232 1533 utqui
252 1447 436 1533 philosophi
454 1449 597 1528 Graeci,
617 1460 842 1535 quantumque
860 1450 977 1523 *isdsm
999 1452 1144 1519 tribuen-

110 1559 183 1624 dum
202 1561 264 1640 sit,
289 1560 363 1625 data
386 1584 482 1646 opera
504 1584 541 1637 er
563 1563 684 1637 viribus
701 1564 956 1648 exploraremus.
991 1566 1144 1637 notemus

111 1790 314 1800 n--n--n—-n

110 1930 190 1976 lascno
213 1929 305 1990 Brisffs
328 1929 455 1992 Ciceros,
480 1931 525 1991 qui
547 1931 573 1976 in
598 1931 665 1978 notis
689 1931 807 1979 nonnihil
829 1932 930 1979 monuit
950 1932 982 1978 de
998 1930 1146 1979 consolandi

108 2023 276 2084 argumentis,
296 2022 390 2085 quihus
414 2024 441 2070 in
457 2024 572 2087 epistolis
595 2024 646 2070 suis
667 2029 778 2072 ususest
796 2025 898 2087 Cicero,
927 2041 1080 2086 quamquam
1102 2025 1147 2072 ille

37 2181 39 2187 Υ
109 2117 175 2165 huno
193 2123 293 2164 tantum
312 2118 476 2180 scriptorem,
495 2134 547 2166 non
566 2134 626 2166 vero
645 2121 753 2166 Graecos
768 2120 932 2182 philosophos
948 2121 1065 2184 respexit.
1085 2120 1147 2167 llei-

109 2213 205 2259 nersius
226 2217 313 2259 autem
331 2211 433 2259 indias.
463 2214 595 2260 Betrocht.
618 2214 681 2260 siler
704 2213 727 2261 d.
747 2213 800 2260 Tod
817 2229 843 2261 n.
869 2215 984 2278 Trostgr.
1002 2213 1048 2260 dar
1069 2213 1148 2262 Alton

109 2307 188 2354 wider
200 2306 244 2353 dia
260 2306 403 2354 Schreclssn
416 2306 563 2374 desselben(
569 2307 647 2355 Veros.
666 2309 738 2356 Phil.
756 2308 829 2356 Sclsr.
847 2308 903 2355 Vol.
921 2304 965 2368 ΙΙ.)
982 2324 1006 2371 p.
1023 2305 1073 2354 166
1090 2322 1146 2369 sqq.

108 2406 135 2448 ut
148 2406 176 2449 et
194 2401 320 2448 Sertorius
341 2401 408 2448 Onon
423 2400 454 2446 ds
472 2407 591 2464 troostgr.
611 2401 657 2448 der
675 2401 755 2448 ooden
773 2402 808 2466 ly
828 2401 876 2449 den
894 2401 958 2449 dood
975 2401 1074 2446 hunnsr
1089 2399 1149 2445 ltin-

109 2494 182 2542 deren
201 2495 285 2560 (Mag.
303 2509 362 2541 voor
380 2495 515 2541 wstsnsols.
533 2501 579 2542 stc.
596 2496 658 2542 door
677 2511 700 2542 v.
721 2497 834 2558 Kampen
859 2494 914 2542 Vol.
933 2495 952 2542 Ι,
972 2494 999 2541 P.
1019 2489 1063 2556 11.)
1082 2508 1149 2540 non-

107 2588 177 2636 nulla
192 2593 293 2636 tantum
312 2604 401 2635 eorum
420 2588 529 2652 scripta,
552 2595 581 2637 ut
594 2590 744 2651 Aeschinis,
763 2588 907 2651 Plutarchi,
932 2589 1041 2636 Senecae
1065 2592 1148 2634 atten-

108 2680 214 2744 derunt,
235 2682 404 2743 neglexerunt
428 2676 495 2730 vero*
513 2688 620 2730 ceteros.
657 2685 743 2745 Neque
768 2682 794 2730 id
812 2683 930 2730 fecerunt
949 2683 1006 2728 Fest
1023 2681 1050 2727 in
1071 2695 1147 2743 opero

109 2776 194 2838 Bsytr.
220 2791 271 2822 zur
285 2777 460 2841 Bernhigung
483 2777 546 2823 aller
566 2777 714 2843 diqjenigen
738 2778 841 2841 Dioge,
870 2776 914 2824 dis
931 2775 986 2823 dens
1009 2774 1148 2823 Menoeten

108 2871 283 2935 unongenclrm
307 2870 375 2918 sind.
405 2871 487 2934 Leipz.
515 2869 591 2933 1789,
611 2870 723 2934 5v011,
745 2887 830 2933 neque
854 2871 952 2933 ceteri,
986 2871 1076 2933 quiin
1097 2869 1146 2918 hoc

109 2978 182 3026 opere
201 2963 353 3022 laudantur,
372 2964 580 3028 Weitenlramps,
596 2964 763 3027 Weishaupt,
782 2965 827 3026 qui
843 2979 930 3011 omnes
944 2964 1023 3023 magis
1043 2962 1148 3023 religio-

108 3057 145 3104 nis
166 3058 323 3106 Christianae
351 3074 427 3120 quam
455 3064 571 3107 veterum
595 3058 804 3122 philosophorum
829 3057 976 3105 consolandi
997 3061 1147 3115 argumenta

108 3143 280 3200 attenderunt.
300 3153 370 3200 Idem
380 3153 517 3201 dicendum
534 3153 564 3200 de
574 3153 638 3217 disp.
648 3152 785 3200 Reinhardi
796 3152 995 3215 depraestoms'o
1008 3151 1147 3215 religionis

110 3245 205 3294 Christ.
232 3249 262 3294 in
286 3246 448 3293 consolandis
471 3248 576 3294 miseris
601 3247 704 3314 (Opusc.
724 3246 804 3294 Acad.
826 3246 881 3293 Vol.
902 3241 945 3308 11.)
965 3262 989 3309 p.
1009 3243 1060 3292 289
1079 3260 1146 3308 sqq„

108 3339 167 3389 licet
183 3346 269 3388 umen
281 3340 326 3388 ille
342 3340 430 3388 multis
446 3341 509 3389 loeis
523 3341 688 3403 antiquorum
697 3340 791 3403 scripta
800 3340 954 3387 adhibuerit.
968 3339 1076 3386 llultum
1086 3354 1146 3387 vero

107 3449 145 3483 me
162 3436 189 3482 in
205 3435 255 3482 hoc
271 3435 328 3483 loco
345 3435 477 3483 tractando
492 3435 647 3499 adjuverunt
668 3440 723 3482 tum
746 3434 871 3496 liuhkopl
890 3434 1012 3498 Prolagg.
1033 3432 1068 3480 od
1086 3434 1144 3481 Sen.

110 3529 179 3577 Cons.
200 3528 235 3576 cal
253 3529 328 3577 Helo.
344 3529 401 3577 Vol.
412 3530 432 3578 l.
449 3546 474 3593 p.
495 3528 544 3577 156
559 3545 608 3592 sq.,
627 3534 682 3576 tum
701 3544 761 3576 vero
783 3529 809 3575 in
828 3527 916 3591 primis
930 3526 1146 3589 Wyttenhaehius

112 3623 235 3688 Prolsgg.
251 3625 281 3670 in
298 3630 381 3671 annot.
397 3622 431 3670 ad
450 3623 520 3670 ntur.
543 3624 614 3670 Cons.
631 3622 665 3671 cd
679 3622 763 3686 Apoll.
780 3621 836 3669 Vol.
854 3623 897 3669 VI.
916 3637 941 3685 p.
958 3619 1010 3668 697
1024 3636 1079 3682 sqq.
1099 3620 1144 3682 qui

107 3717 249 3780 catalogum
267 3718 394 3765 dederunt
412 3717 565 3780 scriptorum
582 3721 712 3778 veterum,
731 3716 776 3778 qui
794 3715 961 3763 consolatoria
986 3714 1144 3776 scripserunt

108 3825 199 3875 opera,
218 3811 281 3859 licet
296 3818 380 3858 tamen
398 3811 537 3859 nonnullos
555 3812 785 3875 praetermiserint,
805 3814 835 3855 ut
849 3808 1032 3870 Metrodorum,
1051 3808 1144 3856 Panae·

106 3904 185 3966 tium,
205 3904 382 3966 Posidonium,
406 3911 435 3952 ut
458 3911 485 3953 et
503 3906 638 3968 scriptores
656 3905 687 3952 de
703 3904 790 3951 exsilio
808 3908 834 3950 et
850 3908 991 3950 senectute.

143 3997 171 4061 1)
207 3999 258 4047 Cic.
278 3998 308 4045 de
324 4000 398 4068 Fs'nn.
414 3999 445 4063 ll.
461 3997 485 4048 5.
505 4000 540 4049 cf.
558 3998 716 4046 dilectissimi
735 3998 813 4062 patris
831 3998 893 4047 Ion.
906 3997 973 4060 phil.
991 3996 1059 4046 Plot.
1085 3996 1141 4045 Vol.

112 4091 132 4141 l.
151 4108 176 4156 p.
194 4091 238 4154 61,
257 4091 298 4141 66.
