2648 4844
635 348 697 411 123

142 531 326 616 antiquius,
350 549 446 614 quam
464 540 500 592 ut
510 529 688 599 liberorum
700 539 731 591 et
742 530 908 613 ingenium
928 529 1127 607 excolerent,
1151 540 1182 593 et

142 645 284 727 animum
314 643 354 707 ad
384 643 514 726 eptima'
529 662 677 727 quaeque
705 640 899 720 excitaren't;
935 641 1010 705 hinc
1037 642 1182 706 naturale
1272 700 1281 711 ,

142 737 225 820 illud
255 757 370 818 amoris
395 756 563 818 vinculum
590 766 758 848 parentum
790 777 866 841 erga
887 755 1022 838 liberos,
1047 766 1083 819 ut
1102 777 1182 840 quos
1253 777 1256 783 “

143 870 361 954 susceperint,
395 868 571 932 liberaliter
600 869 786 949 instituant,
822 890 999 954 eorumque
1028 869 1181 934 felicitate

143 994 175 1046 et
194 981 416 1076 progressibus
444 964 625 1067 gaudeant,
660 980 891 1074 doleant-vero
922 982 1106 1049 infortunia.
1142 984 1180 1069 ⁶Si

142 1097 242 1181 igitur
262 1116 375 1158 verum
404 1104 451 1159 est
464 1118 482 1174 ,τ
497 1094 585 1160 hunc
597 1066 753 1180 ‘amorem
781 1098 856 1160 cu'm
878 1103 984 1159 nostra
1004 1109 1117 1161 natura
1137 1099 1181 1162 ita

143 1210 335 1286 convenire,
360 1219 397 1272 ut
423 1209 481 1298 rix·
502 1208 638 1273 hominis
658 1210 784 1273 nomine
797 1207 921 1293 'dignus
943 1194 1002 1289 sit,
1028 1212 1181 1297 quicum-

143 1344 208 1409 que
232 1343 269 1386 co
292 1320 519 1402 non'ducatur3
538 1345 643 1386 nonne
660 1322 838 1387 absurdum
857 1334 904 1386 est
920 1317 1079 1404 statuere,
1098 1346 1181 1409 quae

142 1437 320 1520 praesentia
336 1457 491 1499 summam
507 1437 693 1500 felicitatem
718 1437 909 1515 attulerant,
938 1438 1048 1501 eadem
1070 1441 1181 1502 amissa

141 1549 438 1634 baud'magnopere
461 1571 528 1612 esse
557 1536 727 1613 curanda?
760 1544 843 1614 Num
866 1552 973 1634 opinio
992 1563 1039 1615 est
1057 1563 1180 1630 nostra,

142 1659 226 1748 quae
244 1663 361 1740 efficit,
386 1674 422 1726 ut
443 1674 633 1747 parentum,
658 1654 856 1740 liberorum,
880 1666 1076 1743 amicorum,
1102 1687 1181 1751 quos
1231 1744 1234 1748 .

142 1777 434 1854 morteamisimus,
460 1774 675 1839 desideremus
694 1777 879 1861 amplexus,
904 1798 1080 1857 sermones,
1106 1800 1181 1842 con-

142 1890 230 1970 silia,
255 1903 287 1954 et
309 1877 448 1975 quorum
465 1889 633 1973 adspectus
653 1901 684 1952 et
704 1890 865 1977 colloquia
886 1884 967 1988 mir'o
983 1913 1039 1955 nos
1058 1914 1183 1978 semper

103 2051 104 2055 ,
142 2004 313 2069 affecerant
332 2002 465 2089 gaudio,
491 2001 617 2066 eosdem
639 2025 725 2075 nunc
753 2003 972 2068 crudelissime
1002 1981 1091 2070 nobis
1114 2028 1183 2070 ere-

141 2130 211 2203 ptos
227 2116 419 2199 doleamus?
442 2115 541 2181 Stoici
561 2117 595 2180 id
607 2117 723 2182 docere
741 2119 773 2181 in
793 2117 901 2183 schola
916 2131 1109 2203 potuerunt,
1130 2143 1183 2184 sa·
1283 2180 1286 2185 .

142 2233 347 2322 pientemque
368 2230 521 2308 lormare,
545 2232 631 2293 omni
649 2224 745 2294 am'nii
764 2233 1006 2316 perturbatione
1025 2234 1181 2313 liberum,

141 2357 173 2409 at
184 2344 319 2409 hominis
338 2355 477 2422 nonest,
495 2344 538 2407 itu
556 2344 621 2407 vim
639 2344 758 2407 inferre
780 2356 923 2411 naturae.
954 2348 1054 2411 Recte
1075 2360 1183 2411 autem

142 2458 249 2537 Plato,
280 2457 416 2542 diligens
437 2458 493 2520 ille
512 2452 651 2521 naturae
666 2457 824 2522 humanae
853 2473 1092 2544 perscrutator,
1118 2461 1182 2526 duo

141 2575 185 2638 ait
211 2574 245 2636 in
265 2573 381 2636 animo
405 2561 507 2635 inesse
537 2560 712 2658 principia,
746 2574 883 2636 alterum
918 2565 955 2637 sd
989 2567 1122 2660 ἥμερον,
1144 2565 1184 2649 sod

142 2681 318 2764 θυμοειδὲς
339 2686 495 2765 alterum,
521 2708 620 2772 quae,
644 2688 703 2750 sibi
716 2689 894 2777 contraria,
909 2685 1001 2751 'recte
1013 2699 1086 2751 sunt
1103 2699 1182 2751 tem-

141 2797 300 2882 peranda,
325 2810 420 2891 utne
440 2801 632 2863 alterutrum
653 2801 787 2865 nimium
799 2801 993 2879 excolendo,
1016 2801 1110 2865 homo
1127 2811 1183 2864 ant

141 2911 268 2975 mollior
295 2910 370 2990 liat,
405 2934 503 2999 quam
530 2935 588 2997 par
618 2924 685 2988 est,
721 2926 776 2976 aut
795 2912 926 2978 durior.
940 2889 982 2998 ¹).
1000 2914 1061 2978 Ubi
1082 2915 1182 2998 igitur

141 3025 260 3087 bonum
283 3025 414 3111 aliquod
427 3026 528 3089 'nobis
550 3027 718 3103 aufertur,
745 3026 796 3088 vel
818 3026 937 3089 malum
960 3047 1016 3089 nos
1045 3027 1179 3110 premil,

140 3139 246 3201 mollis
263 3139 317 3201 illa
329 3140 426 3201 animi
439 3163 511 3224 pars
524 3152 742 3232 commovetur
755 3190 765 3219 ,
789 3142 937 3226 angitur„
950 3141 1182 3230 pristinamque

140 3274 230 3315 suam
250 3252 472 3317 ‘conditionem
505 3273 695 3340 recuperare
717 3234 811 3319 alet..
842 3254 1055 3320 Corroborare
1074 3267 1181 3318 autem

120 3346 210 3430 =eam
232 3388 398 3450 possumus
418 3378 451 3430 et
469 3366 642 3459 debemus,
668 3389 725 3453 per
748 3348 885 3431 alteram
902 3367 1063 3431 duriorem
1084 3370 1181 3431 animi

138 3455 281 3564 partem,
316 3489 350 3543 ut
373 3502 412 3543 ne
431 3481 495 3544 sola
520 3482 735 3566 principatum
756 3493 882 3560 teneat·;
908 3483 933 3544 si
961 3485 1071 3544 contra
1098 3481 1180 3545 harre

141 3691 348 3703 m

174 3807 199 3869 q
236 3809 307 3856 oraro
325 3811 357 3858 aa
375 3810 435 3872 sip.
457 3790 543 3875 rnjp.
565 3807 623 3858 411.
652 3809 686 3858 cr.
711 3811 772 3857 nsi
788 3809 860 3878 olori.
878 3810 948 3859 nor.
973 3809 1027 3858 vor.
1043 3810 1062 3859 1.
1086 3825 1111 3875 p
1130 3807 1180 3858 156

139 3911 186 3965 sq.'
205 3909 231 3949 et
259 3904 313 3951 Vol.
331 3904 377 3951 ΙΙΙ,
396 3920 420 3969 p.
441 3900 483 3950 19.
503 3903 597 3951 Pariter
616 3901 668 3951 ciel
690 3905 765 3952 Ture.
784 3905 814 3961 Q.
833 3890 879 3951 ΙΙΙ.
896 3901 920 3951 6.
950 3903 1002 3953 Sed
1027 3909 1066 3950 oet
1085 3910 1180 3978 natura

139 3996 193 4043 fere
206 3997 234 4042 in
248 3998 343 4044 animis
360 4003 472 4044 tenorum
488 3997 609 4059 quiddam
625 4003 701 4060 atque
722 3997 811 4059 molle,-
821 3997 898 4076 ¹qnod
915 3997 1082 4062 aegritudine
1103 3999 1181 4060 quusi

139 4088 285 4154 teoipestote
298 4093 422 4152 quatitur.
