2648 4844
633 363 696 424 100

144 544 246 607 multo
279 541 505 606 anteferendus
535 541 717 620 videbitur,
750 562 854 626 quum
880 552 984 605 aetate
1012 551 1043 605 et
1077 562 1185 606 rerum

144 679 205 720 usu
232 655 380 733 edoctus,
405 656 544 738 peccatis
575 678 608 718 se
624 656 831 740 purgaverit3
847 653 974 736 juvenis
993 675 1089 735 vero,
1109 677 1186 739 prae

142 768 332 832 fortitudine
354 791 429 847 sua,
450 769 621 853 quominus
643 769 782 851 explicet
803 769 920 831 honam
941 767 1103 846 indolem,
1125 769 1185 831 im·

143 883 284 966 peditur,
319 885 357 945 Et
387 904 460 944 vero
493 883 554 945 hoc
576 883 700 966 ipsum,
721 883 787 944 siue
810 881 1042 966 cupiditatibus
1061 881 1185 960 rivere,

144 997 316 1058 marimum
338 995 478 1058 Deorum
502 1006 548 1057 est
570 1017 706 1071 munus,
729 1016 830 1079 quum
853 995 1002 1057 omuibus
1015 1006 1187 1058 contentus

142 1106 270 1192 placide
288 1109 393 1171 rivere
414 1111 529 1193 possit,
553 1129 680 1192 neque,
703 1120 740 1171 ut
754 1108 901 1190 juvenis,
923 1108 949 1170 si
970 1094 1187 1172 res-eiminus

141 1221 224 1285 bene
247 1223 396 1302 cesserit,
418 1243 514 1307 aegre
532 1221 564 1283 id
584 1221 676 1284 ierat.
701 1221 734 1283 Si
754 1222 919 1285 mutilatus
931 1230 977 1284 est
988 1242 1104 1301 senex,
1122 1243 1185 1285 uon

142 1337 315 1398 senectutis
335 1336 396 1399 hoc
414 1347 461 1398 est
478 1334 621 1413 malurn,
644 1355 746 1420 quum
759 1333 871 1416 juveni
888 1334 974 1398 idem
993 1335 1093 1419 possit
1114 1356 1185 1398 erc-

142 1449 235 1526 nire,
254 1447 309 1511 sed
330 1448 392 1513 hoc
418 1449 502 1512 iuter
529 1471 582 1512 eos
609 1447 781 1512 intercedit
808 1448 999 1528 discrimen,
1021 1448 1111 1535 quod
1132 1449 1186 1514 hic

141 1561 174 1623 in
198 1562 306 1646 vigore
336 1563 445 1625 aetatis
477 1585 600 1626 summo
633 1561 792 1625 afficiatur
824 1563 939 1641 luctu,
972 1583 1067 1626 senex
1089 1584 1184 1642 vero,

142 1675 264 1759 quippe
286 1671 318 1738 ἐν
339 1672 478 1753 δυσμαῖς
499 1673 559 1738 τοῦ
580 1671 674 1754 βίου,
697 1674 829 1758 placide
845 1675 879 1738 id
896 1675 1185 1740 serendumexisti·

141 1797 218 1852 met.
252 1784 465 1850 Pulchritudo
494 1797 620 1864 autem,
651 1808 748 1873 quam
779 1790 845 1850 seni
874 1788 984 1853 deesse
1013 1789 1184 1874 deploras,

144 1922 221 1963 unua
243 1911 309 1978 est,
344 1899 465 1984 quippe
487 1899 576 1961 brevi
599 1901 751 1985 temporis
774 1903 875 1985 spatio
897 1923 1100 1968 evanescens.
1140 1893 1185 1967 Td

142 2019 179 2082 δέ
205 2011 328 2105 ἀληθές
354 2008 483 2097 κάλλος,
519 2012 603 2106 ὅπερ
636 2015 671 2083 εἰι
697 2020 796 2094 1θειάς
829 2021 994 2096 κοινωνίας
1026 2017 1105 2105 ἔσχε
1130 2014 1187 2110 τήν

141 2120 323 2217 ἀπορροὴν,
346 2127 398 2192 καὶ
421 2116 521 2214 ἦλθεν
542 2127 598 2194 ἐντί
618 2152 718 2203 τινας·
746 2133 845 2196 τοῦτο
868 2133 905 2198 δέ
926 2125 1002 2198 οὔτε
1024 2123 1142 2212 πόνος,
1164 2124 1186 2220 ἢ

141 2231 249 2323 tuor,
272 2231 292 2326 ἢ
315 2229 450 2333 ἀμελειά
464 2261 523 2317 τις,
547 2231 628 2303 ἀλλά
648 2233 710 2328 μὴν
732 2232 798 2306 old
824 2237 841 2307 ὁ
864 2235 968 2317 πολύς
990 2234 1108 2330 χρόνος
1129 2233 1185 2308 dri-

140 2374 232 2415 ναται
255 2341 462 2436 ἀμαυρῶσαι,
486 2340 712 2435 συγγενόμενον
734 2350 771 2435 δέ
785 2343 909 2436 ὁτῳοῦν
921 2352 975 2416 καὶ
990 2351 1185 2442 συντραφέν,

120 2451 195 2525 oriz
231 2451 336 2549 ἀέρθη
363 2458 444 2526 ντοτέ
470 2461 593 2525 θᾶττον
620 2452 802 2546 ἀπαλλαγὲν
827 2464 885 2552 τῆς
912 2462 1032 2529 ἐκείνου
1063 2464 1183 2552 ψυχῆς.

145 2584 271 2648 Adsunt
300 2595 465 2668 praeterea
492 2583 559 2644 seui
585 2581 703 2646 auxilia
723 2585 920 2664 amicorum,
952 2587 1131 2650 reverentia
1152 2597 1185 2649 et

141 2695 302 2782 dignitas,
333 2697 532 2779 ubicumque
565 2696 722 2778 procedit.
766 2687 862 2760 Ὥστε
887 2694 942 2760 καὶ
968 2686 1034 2760 κατ’
1064 2688 1187 2784 ἀγοράν

140 2806 195 2872 καί
211 2831 277 2872 που
293 2805 324 2872 έν
338 2797 498 2894 θεάτροις
512 2798 687 2894 ὀφθέντες,
713 2800 766 2873 οἷα
788 2799 828 2895 δὴ
850 2805 882 2871 ἐν
904 2799 1000 2892 ἀγέλῃ
1022 2804 1184 2888 βοῶν-καὶ

141 2915 253 2985 ἰ’ντντιυν
275 2916 307 2984 οἱ
329 2918 497 2990 δοκοῦντες
519 2907 631 3003 ἄρχειν
643 2919 701 3004 τῆς
716 2910 844 3003 ἀγέλης,
866 2909 905 2982 cd
919 2909 1085 3004 εὐπρεπές
1098 2940 1184 3005 τιαρ-

141 3028 254 3111 έχουσι
281 3028 378 3115 δῆλον
403 3033 474 3100 τοῖς
496 3019 646 3093 ἁπάντων
668 3021 875 3117 ὀφθαλμοῖς·
908 3017 1049 3108 μάλιστα
1082 3025 1120 3092 δέ
1152 3025 1185 3094 ἐν

141 3142 210 3211 τοῖς
231 3126 334 3224 ἱεροῖς
347 3128 485 3210 θέοντες
511 3135 784 3227 ἐστεφανωμένοι,
809 3127 1104 3226 περιβλεπτὸτεροι
1120 3138 1185 3203 τῶν

141 3254 238 3344 ἱερῶν
256 3254 343 3344 (fort.
362 3255 486 3346 ἱερέων)
514 3256 684 3343 γίγνονται·
700 3252 770 3323 ὅτε
788 3247 886 3340 νόμος
905 3247 1024 3330 αάτοές
1043 3254 1185 3333 ἐκείνους

141 3382 318 3464 χειροτονεῖ
336 3378 377 3464 τῇ
400 3369 523 3465 Ἀθηνᾷ
542 3368 788 3466 θαλλοφόρους.
830 3377 925 3459 Quod
958 3399 1033 3441 vero
1055 3378 1180 3459 dixisti,

141 3511 256 3553 aseue
279 3491 408 3574 propius
430 3491 539 3553 abesse
562 3502 716 3569 mortem,
748 3513 844 3575 quam
870 3514 888 3555 a
909 3491 1047 3574 juvene,
1076 3514 1182 3579 neque

143 3601 204 3665 hoc
226 3603 259 3664 in
280 3604 372 3666 malis
394 3614 440 3665 est
462 3603 666 3687 ponendum:
702 3604 812 3667 eadem
843 3606 927 3667 enim
956 3626 1040 3667 mors
1074 3627 1181 3668 omues

143 3726 268 3792 manet,
290 3701 396 3800 neque
412 3715 480 3778 ulla
497 3717 565 3778 eius
582 3716 631 3780 lex
649 3718 699 3779 vel
715 3728 800 3780 aetas
817 3739 834 3780 a
854 3716 914 3779 diis
931 3729 977 3780 est
996 3719 1179 3784 constituta.

142 3828 182 3889 ,dt
204 3849 278 3890 vero
302 3851 395 3891 senex
422 3840 536 3894 nactus
561 3829 628 3910 jam
656 3831 760 3909 bona,
795 3852 831 3893 ea
861 3829 1048 3893 recordatur
1077 3831 1180 3916 iisque

144 3941 278 4002 laetatur
301 3964 444 4026 semper,
476 3945 598 4007 etiamsi
621 3946 715 4007 instet
737 3967 839 4022 mors3
864 3945 992 4026 juvenis
1014 3966 1088 4008 vero
1109 3946 1179 4007 uul-

143 4051 180 4116 lis
208 4052 274 4114 fere
295 4054 378 4116 vitae
407 4056 498 4118 bonis
519 4057 658 4134 fruitus,
690 4059 722 4119 in
756 4057 867 4122 eodem
900 4030 1004 4123 taincu
1039 4059 1122 4125 vitae
1149 4067 1178 4123 et
