2648 4844
639 318 744 382 69,

136 516 179 558 ao
201 493 347 557 sedandis
369 474 624 579 aegritudinibus
644 500 814 577 meruisse,
838 510 926 583 patet
948 521 985 564 ex
1004 502 1108 566 verbis
1119 505 1183 570 Ga·

138 609 205 671 leni
217 657 225 685 ‚
238 609 295 693 qui
306 609 493 692 ceteroquin
504 659 512 687 ‚
525 610 671 692 pluribus
682 612 760 675 locis
770 661 779 691 ,
791 612 825 676 in
836 634 909 676 eum
926 613 1104 694 invehitur,
1125 615 1183 679 ubi

136 720 239 784 dieit:
272 708 514 804 Χρύσιπποςὸ
543 711 731 808 φιλόσοφος
759 717 885 811 ἔγραψε
914 718 1007 811 παρὰ
1032 724 1097 787 τῶν
1126 725 1205 812 τῆς,

138 830 251 918 ψυχῆς
266 828 387 893 παθών
408 825 442 894 ἓν
462 828 520 910 μὲν
539 822 578 895 ro
600 824 838 918 θεραπευτικὸν
858 831 999 913 βιβλίον,
1024 825 1064 898 οὗ
1084 824 1183 916 putta

109 946 203 1004 ''oro
223 928 384 1026 χρῄζομεν
405 935 454 1012 εἰς
474 936 530 1026 τήν
552 940 637 1003 ἴασιν
657 931 777 1021 αὐτῶν,
790 941 816 1029 ¹)
849 966 1046 1031 quamquam
1068 946 1182 1011 Cicero

140 1052 338 1115 eontrarium
356 1049 500 1114 indicare
522 1051 666 1132 videtur,
690 1056 748 1140 qui
769 1055 984 1142 Chrysippum
994 1069 1027 1121 et
1038 1058 1181 1138 Stoicos,

139 1186 289 1250 magnam
311 1176 453 1248 partem,
476 1166 510 1227 in
528 1166 703 1249 partiendis
724 1178 755 1230 et
782 1168 968 1232 definiendis
990 1170 1087 1234 animi
1108 1193 1182 1256 per·

140 1276 377 1340 turbationibus
410 1288 583 1362 oecupatos
616 1299 704 1358 esse,
740 1280 794 1344 sed
828 1282 1037 1367 perexiguam
1069 1304 1180 1346 eorum

141 1390 321 1453 orationem
333 1389 467 1468 dixerit,
492 1412 555 1475 qua
574 1391 762 1455 medeantur
775 1393 905 1473 animis,
928 1414 988 1456 nec
1000 1415 1053 1457 eos
1068 1394 1182 1459 turbu·

139 1504 242 1565 lentos
265 1523 331 1564 esso
354 1503 525 1586 patiantur.
538 1500 565 1586 ²)
591 1505 638 1568 Ae
658 1506 797 1588 primum
815 1506 946 1593 quidem
965 1507 1181 1593 Chrysippus,

139 1618 173 1678 in
195 1614 377 1692 libro-illo,
402 1615 490 1699 quod
520 1616 655 1699 amplius
686 1619 805 1680 fecerat
830 1619 864 1680 in
886 1619 989 1682 tribus
1015 1620 1179 1702 prioribus

139 1727 219 1813 περὶ
235 1730 365 1805 παθῶν,
387 1730 544 1813 originem
562 1741 593 1792 et
612 1742 759 1794 naturam
776 1730 1054 1814 perturbationum
1072 1732 1181 1815 explo-

141 1842 243 1920 ravit,
269 1863 352 1926 quae
375 1843 524 1924 opinione
547 1855 692 1905 constare
721 1845 782 1928 ipsi
809 1843 1018 1922 videbantur,
1042 1843 1182 1929 ideoque

140 1953 374 2037 aegritudinem
406 1953 485 2016 dixit
517 1976 584 2017 esse
617 1956 799 2039 opinionem
826 1976 863 2018 ac
889 1955 1049 2037 judicium
1071 1957 1179 2040 magni

140 2066 313 2149 praesentis
346 2077 377 2129 et
398 2068 543 2151 urgentis
564 2067 658 2145 mali,
672 2063 697 2152 ⁸)
724 2089 807 2153 quae
826 2066 986 2145 efficeret,
1011 2078 1048 2131 nt
1070 2069 1126 2153 qni
1147 2069 1180 2130 in

134 2178 341 2264 aegritudine
358 2189 463 2256 esset,
489 2201 552 2242 non
572 2180 622 2242 sui
641 2191 722 2242 esset
743 2201 891 2264 compos,
911 2180 966 2242 sed
984 2180 1080 2263 plane
1099 2180 1180 2243 alius

139 2401 219 2463 igitur
242 2388 281 2453 τδ
301 2385 414 2473 ἤθικδν
426 2402 651 2465 aliusessetatque
664 2387 702 2453 vd
717 2387 947 2472 θεραπευτικόν,
965 2403 1081 2466 quinque
1095 2403 1181 2452 forent

139 2495 215 2558 libri,
243 2495 312 2557 quod
330 2510 455 2558 nusquam
474 2496 576 2544 dieitur.
605 2497 684 2543 boens
706 2510 765 2543 vero
786 2494 853 2560 apud
876 2495 986 2543 eundem
1004 2495 1022 2545 l.
1042 2496 1071 2544 V.
1091 2511 1116 2558 p.
1129 2494 1180 2545 29⁵

140 2587 213 2636 anan.
227 2585 324 2654 (p.te3
334 2587 378 2635 Ed.
391 2585 502 2653 liuba),
516 2588 646 2637 ubidicit:
659 2574 702 2647 ,τᾶ
722 2577 791 2660 περὶ
816 2577 928 2639 παθῶν
949 2571 1182 2659 συγγράμματα,

139 2673 178 2741 τά
198 2703 229 2740 τε
251 2677 320 2762 τρία
341 2673 379 2738 τά
400 2675 498 2758 λογικά
520 2679 569 2740 καὶ
594 2675 632 2740 τά
653 2679 750 2762 χωρὶς
771 2679 873 2741 αἰτιῶν
894 2680 964 2762 (tort.
981 2673 1091 2759 αὐτῶν)
1116 2675 1182 2763 ἰδίᾳ

140 2774 328 2865 γεγραμμένα
344 2774 392 2840 ὑπ’
408 2776 508 2855 αὐτοῦ,
530 2775 568 2841 ro*
590 2774 804 2861 &spurcaminis
824 2803 855 2841 rr
870 2779 919 2840 καὶ
933 2774 1044 2860 η’θικόν
1059 2777 1181 2863 ἐπιγρα·

142 2875 280 2963 φόμενσν,
296 2893 451 2940 eontrarium
467 2892 570 2954 quidem
582 2892 695 2940 indicare
708 2890 823 2952 videtur,
838 2905 926 2939 revera
945 2895 1029 2938 tamen
1045 2906 1098 2939 non
1114 2890 1183 2938 indi-

139 2990 189 3033 cat.
223 2987 277 3033 tton
302 2985 370 3033 enim
391 2985 469 3048 dicit,
489 2970 527 3035 roi
549 2968 780 3056 συγγράμματα,
809 2997 897 3032 verum
917 2967 956 3033 roi
978 2968 1181 3054 γεγραμμένα,

141 3080 175 3127 ita
189 3083 228 3140 ut,
247 3078 427 3126 subintellecta
446 3079 631 3141 praepositione
649 3054 739 3133 κατά,
754 3077 798 3126 bio
818 3077 913 3126 oriatur
931 3090 1035 3144 sransua:⁴
1052 3080 1105 3121 tum
1119 3074 1184 3122 citri

141 3173 224 3236 logici
245 3178 312 3234 tras,
338 3177 391 3217 tam
407 3187 471 3233 quae
489 3172 520 3218 ab
540 3187 581 3234 ao,
600 3174 740 3235 separatim
754 3172 785 3219 ab
805 3171 847 3218 bis
858 3206 869 3234 ,y
881 3170 981 3233 scripto
994 3173 1056 3216 runt
1069 3169 1098 3214 in
1117 3167 1184 3214 libre

140 3267 271 3313 oorotmo
286 3271 312 3311 ot
324 3265 417 3312 ruwolr'
431 3264 507 3313 dioto.

175 3356 201 3420 1)
238 3357 348 3404 Galenus
363 3359 404 3404 Do
419 3359 484 3405 loeis
498 3358 601 3418 affectis
615 3356 634 3404 l.
650 3355 692 3405 ΙΙΙ.
709 3357 777 3424 Tom.
794 3355 836 3404 ΙΙΙ.
853 3371 878 3418 p.
896 3352 954 3401 270.
972 3353 1046 3400 Busil.
1063 3351 1102 3403 Cf.
1112 3352 1183 3402 Idem

142 3453 182 3500 ne
201 3451 280 3514 app.
299 3456 325 3497 et
342 3451 413 3499 Plat.
426 3452 493 3501 aar.
512 3450 529 3498 1.
541 3450 582 3500 lv.
600 3451 667 3499 rom.
685 3449 703 3498 1.
724 3435 749 3511 ρ’.
765 3445 816 3494 ret
832 3446 905 3495 ratu.
921 3445 956 3511 (p.
976 3442 1027 3491 420
1039 3443 1084 3490 aa.
1095 3440 1184 3505 runa)
1276 3512 1278 3517 ‚

140 3549 168 3591 et
183 3546 224 3592 Da
243 3559 315 3607 cogn.
334 3551 360 3591 st
373 3559 427 3591 eur.
445 3559 487 3592 on.
502 3544 579 3591 mord.
596 3558 620 3605 p.
637 3540 688 3589 352
702 3541 776 3589 basil.
795 3539 862 3605 (vol.
877 3537 908 3588 V.
928 3551 952 3598 p.
969 3533 986 3583 3
1004 3536 1050 3584 Ed.
1066 3532 1165 3596 Rubri.)

175 3632 203 3698 2)
240 3634 294 3686 Cic.
317 3638 393 3684 Ture.
414 3638 445 3694 Q.
464 3634 507 3685 IV.
526 3634 551 3684 5.
1131 3637 1134 3643 '

176 3724 203 3792 3)
239 3727 293 3779 cie.
312 3727 375 3777 ibid.
396 3727 438 3778 111.
457 3727 499 3777 25.
530 3727 568 3779 ct.
593 3727 704 3776 Galenus
724 3729 766 3775 De
783 3726 861 3788 Hipp.
882 3721 991 3769 arelat.
1012 3719 1081 3767 door.
1105 3714 1184 3767 htv.

143 3835 168 3883 p.
178 3817 230 3868 283
245 3820 318 3868 arsit.
332 3820 367 3885 (p.
387 3820 438 3885 416
456 3822 500 3869 tta.
511 3817 607 3883 Kubn).
626 3821 723 3881 Bagust
735 3819 765 3865 de
775 3817 915 3880 Cbryssppo
924 3829 949 3876 p.
959 3811 1025 3873 286,
1043 3809 1093 3858 306
1110 3826 1182 3872 seqq.

142 3918 170 3961 et
184 3914 246 3962 Adr.
266 3915 380 3976 bertling
396 3916 509 3962 Ditem
526 3914 558 3961 do
577 3915 719 3962 Stoiaomm
734 3912 861 3958 sententio
877 3911 948 3956 eirea
963 3906 1080 3970 affectes.
1106 3906 1184 3953 Gron.

145 4003 221 4067 1769,
238 4022 262 4068 p.
280 4004 313 4054 12
328 4022 384 4070 sqq.
