2648 4844
684 297 795 355 70-

182 483 306 555 [aotuS‚
331 479 452 562 quippe
478 486 663 560 aspernatus
683 474 848 536 rationem.
891 472 975 534 Hinc
994 481 1102 534 autem
1125 491 1224 553 pecu-

181 594 252 656 liari
275 592 395 653 rationo
420 611 472 651 eos
492 587 673 651 tractandos
696 587 800 669 iisque
828 583 1022 647 medendum
1044 583 1224 646 arbitraba-

183 717 255 768 tur:
281 695 348 780 dui,
372 704 417 765 sic
434 701 501 779 ait,
530 697 584 761 καὶ
611 696 666 761 ἐπὶ
687 696 788 761 τῶνδε
810 696 874 761 τῶν
895 692 1056 774 ἐμπαθῶν
1080 685 1125 767 ιός
1146 691 1226 779 περὶ

182 803 396 899 ἐξεστηκότων
427 806 560 893 ἔχομεν,
592 808 661 876 καὶ.
678 800 723 880 ὠς
754 795 1005 893 παρηλλαχότος
1031 795 1225 884 ποιούμεθα

181 916 238 989 τόν
258 914 371 1006 λόγον,
393 921 447 984 καὶ
469 913 508 985 osi
530 911 605 1006 παρ’
629 916 758 991 ἑαυτοῖς
780 908 846 982 oo'd
872 914 902 980 ἐν
924 913 1052 988 ἑαυτοῖς
1074 905 1182 987 όντας.
1196 911 1222 1000 ¹)

181 1034 426 1120 Aegritudinem
445 1033 529 1096 enim
546 1043 718 1117 propterea
735 1019 845 1112 λύπην
855 1028 1048 1113 appellatam
1065 1049 1133 1090 esse
1151 1049 1227 1095 eon·

182 1149 293 1229 sabat,
329 1149 419 1234 quasi
451 1158 532 1210 esset
565 1136 656 1216 λόοις
688 1145 752 1206 sive
785 1143 901 1206 solutio
934 1143 1032 1204 totius
1065 1139 1226 1218 hominis,

184 1284 267 1348 quae
299 1273 365 1324 tota
393 1272 498 1345 posset
532 1259 646 1335 evelli,
684 1257 840 1339 explicata
872 1277 983 1319 caussa
1005 1253 1226 1338 aegritudinis.

181 1376 299 1460 ltaque
328 1375 390 1437 hoc
411 1373 547 1436 docebat
580 1372 680 1434 omnis
703 1370 926 1433 consolationis
949 1390 1015 1430 esse
1043 1378 1164 1451 caput,
1190 1377 1227 1428 ut

183 1485 406 1550 detraheretur
428 1485 484 1547 illa
507 1484 615 1567 opinio
633 1463 806 1546 moerenti:
819 1479 845 1567 ²)
871 1480 1009 1544 addebat
1021 1502 1113 1559 vero,
1133 1491 1228 1542 caute

183 1597 217 1660 id
235 1597 407 1661 admodum
424 1619 490 1659 esse
507 1596 707 1674 laciendum,
728 1617 834 1680 neque
855 1615 882 1658 e.
897 1617 927 1679 g.
947 1593 987 1657 ad
1008 1605 1153 1656 recentes
1171 1592 1229 1655 do·

184 1710 267 1773 lores
283 1710 501 1773 adhibendum
520 1732 586 1772 esse
603 1709 800 1785 remedium,
829 1709 904 1793 quia
930 1709 1052 1771 ratione
1078 1706 1229 1770 dolorum

184 1823 277 1884 nimis
295 1825 408 1907 exigua
424 1824 507 1884 foret
523 1822 694 1886 medicina.
703 1819 728 1908 ³)
754 1824 922 1885 Praeterea
933 1820 967 1883 id
978 1822 1012 1882 in
1023 1819 1134 1903 primis
1150 1841 1228 1882 eon·

184 1936 298 1998 solanti
316 1934 478 2019 agendum
496 1934 654 2013 ducebat,
680 1946 716 1998 ut
728 1956 810 2019 quae
823 1944 925 1995 essent
936 1934 1091 1995 moerenti
1109 1933 1229 2016 placita

158 2085 162 2091 -
184 2046 290 2131 deque
302 2069 424 2110 summo
436 2047 520 2110 hono
531 2049 714 2130 opiniones,
732 2049 923 2130 exploraret,
944 2045 984 2108 ad
996 2068 1075 2131 quas
1087 2047 1157 2131 ipsa
1168 2067 1227 2109 ae-

185 2159 415 2223 commodanda
427 2171 507 2222 esset
519 2161 708 2238 consolatio,
730 2161 755 2222 si
770 2161 833 2248 vim
845 2161 1022 2234 ,salutarem
1032 2160 1066 2220 in
1078 2161 1147 2221 eius
1159 2161 1230 2223 ani-

185 2295 237 2336 mo
248 2272 397 2336 habitura
413 2283 503 2338 esset.
517 2272 612 2353 Quod
624 2295 689 2358 quo
701 2273 815 2335 melius
827 2273 1039 2358 intelligatur,
1050 2272 1164 2335 afferre
1177 2273 1230 2336 lu-

184 2385 239 2462 bet
251 2386 359 2448 locum
370 2385 537 2470 Origenis,
552 2387 607 2449 ubi
619 2385 699 2461 haee
711 2385 750 2448 de
763 2385 939 2470 Chrysippo
952 2385 1050 2447 dicit:
1075 2374 1158 2445 oillei
1173 2408 1230 2471 (γι-

187 2487 477 2581 λανθρωπότερον,
496 2488 599 2577 οἶμαι,
615 2495 742 2559 Κέλσου
760 2486 959 2582 Χρύσιππον
974 2493 1186 2581 πεποιηκέναι
1201 2494 1232 2559 ἐν

116 2628 121 2637 ’
183 2603 232 2688 τῷ
247 2601 326 2691 περὶ
340 2605 461 2669 παθῶν
475 2605 722 2691 θεραπευτικῷ,
751 2595 949 2686 βουλόμενον
963 2606 1174 2691 θεραπεῦσαι
1189 2596 1228 2668 τό

185 2705 290 2800 πάθη,
301 2704 346 2787 ιός
360 2712 589 2798 κατεπείγοντα
601 2713 655 2778 καλ
670 2712 858 2796 ἐνοχλοῦντα
870 2707 926 2777 τόν
940 2705 1149 2803 ἅνθρωπλνηγ
1162 2726 1230 2808 ψυ-
1288 2743 1292 2752 ·

184 2815 255 2910 γῆν,
272 2823 523 2910 προηγουμένως
543 2823 601 2908 μέν
621 2829 692 2899 τοῖς
714 2825 863 2890 δοκοῦσιν
881 2818 969 2908 αὐτῷ
986 2815 1091 2909 ὑγίεοι
1105 2815 1228 2909 λόγοις,

186 2915 347 3020 δευτέρως
368 2931 405 2997 δέ
419 2933 473 2997 καὶ
487 2934 605 3022 τρίτως
619 2927 677 3020 κξλν
691 2940 761 3010 τοῖς
775 2929 820 3023 μη
837 2929 1013 3023 οἷρεοκοῦσι
1027 2934 1091 2996 τῶν
1108 2924 1231 3018 δογμά-

184 3065 263 3108 των·
285 3037 343 3108 nto
364 3037 426 3130 γαρ
448 3043 549 3130 τρια,-
563 3043 678 3131 ppulo,
703 3034 724 3132 ἦ
745 3043 819 3131 γένη
840 3046 904 3108 τῶν
927 3036 1075 3127 ολγαθών,
1097 3042 1152 3106 καλ
1175 3035 1232 3107 οὕ-

184 3175 232 3214 τω
259 3152 484 3237 θεραπευτέον
514 3146 555 3215 τυλ
586 3144 698 3240 πολ-θη·
733 3147 772 3219 od
804 3145 1099 3241 περιεργαζόμενον
1125 3150 1157 3216 ἐν
1182 3152 1229 3234 τῷ

185 3259 290 3344 καιρῷ
310 3261 368 3347 τῆς
389 3259 571 3348 φλεγμονῆς
584 3262 648 3324 τῶν
667 3264 788 3326 παθῶν
807 3256 845 3328 τό
857 3253 1106 3349 προκαταλαβόν
1126 3252 1231 3344 δόγμα

223 3528 249 3594 1)
286 3533 396 3582 Galenus
415 3533 478 3582 lbid.
496 3549 519 3595 p.
533 3532 583 3581 282
600 3535 672 3581 Bssil.
691 3536 724 3599 (p.
743 3533 793 3582 409
806 3536 851 3582 Ed.
865 3532 961 3596 lluhn).

222 3621 247 3686 2)
284 3625 337 3676 Cio.
353 3628 428 3672 Taso.
447 3626 528 3683 Q.111.
548 3626 590 3687 25,
607 3625 648 3676 31.
667 3629 757 3674 Mirum
773 3634 826 3689 est,
845 3628 917 3674 Boot.
937 3627 1051 3687 Beguet,
1072 3626 1116 3686 qui
1132 3631 1230 3673 caetera

187 3715 262 3764 docte
279 3722 306 3764 et
323 3718 413 3765 eritioe
427 3725 576 3779 persecutus
591 3725 639 3781 est,
656 3721 711 3766 loeo
728 3719 877 3780 Ciceronis,
900 3719 944 3766 uhi
963 3718 994 3764 de
1016 3716 1151 3779 Chrysippi
1172 3733 1230 3764 con-

187 3808 284 3857 solandi
297 3810 395 3857 ratione
411 3811 535 3873 loquitur,
550 3828 601 3859 non
611 3812 641 3859 ad
652 3796 866 3882 θεραπευτικόν
881 3811 958 3858 huius
971 3810 1124 3873 philosophi,
1141 3809 1185 3859 sed
1199 3809 1229 3856 ad

187 3905 239 3947 tres
254 3902 352 3967 priores
364 3903 444 3951 libros
458 3894 525 3975 περὶ
540 3895 652 3954 πενθῶν
671 3905 774 3964 referre,
792 3921 817 3968 p,
834 3901 885 3950 300
901 3919 957 3964 sqq.

222 3988 247 4037 3l
284 3992 337 4042 Cic.
359 3994 421 4043 lbid.
444 3995 483 4043 lV.
504 3993 546 4042 29.
