2648 4844
637 320 680 384 tt

142 519 219 564 cum
236 497 298 563 hoc
314 516 446 582 qssoque
465 496 657 580 opusculum
675 495 717 561 ad
735 507 878 561 nostram
894 517 959 563 nou
982 497 1104 562 venerit
1123 518 1177 562 ae·

138 624 249 678 tatem.
284 612 376 692 Quae
392 609 521 692 jactura
538 622 646 677 umen
665 611 776 695 aliquo
796 608 892 675 mode
918 609 994 675 inde
1024 633 1176 696 compen.

137 738 246 804 satur,
277 723 366 810 quod
394 735 425 788 et
450 724 566 789 Cicero
591 724 626 786 iu
648 724 836 789 Tusculanis
863 735 895 788 et
924 723 1115 793 Plutarchus
1140 725 1177 791 in

140 839 355 905 consolatione
373 838 413 902 ad
434 838 660 923 Apollonium,
684 860 747 901 uon
767 839 872 901 'solum
896 838 1080 902 Crantorem
1102 839 1176 922 plu·

140 945 229 1008 ribus
245 945 324 1008 locis
343 955 417 1007 sunt
436 944 554 1021 secuti,
583 942 638 1006 sed
656 943 810 1006 nonnulla
832 943 927 1007 etiam
947 965 984 1007 ex
1006 943 1074 1007 eius
1093 942 1177 1007 libro

140 1058 180 1122 de
191 1060 284 1122 luctu
306 1058 346 1121 ad
368 1058 502 1135 verbum
523 1066 767 1140 expresserunt,
791 1077 873 1140 quae
894 1057 1177 1143 fragmenta,ante

140 1172 203 1236 hoc
220 1173 394 1236 triennium
404 1220 412 1249 ,
423 1171 560 1235 collecte
571 1180 603 1232 et
613 1170 647 1232 in
659 1171 766 1233 lucem
782 1169 909 1253 prodita
925 1181 1009 1235 suut.
1024 1168 1051 1256 ¹)
1063 1171 1177 1235 Paullo

140 1287 241 1371 igitur
262 1285 445 1349 accuratius
464 1284 561 1367 hujus
581 1282 763 1368 philosophi
785 1295 816 1346 et
843 1285 997 1348 rationem
1020 1285 1123 1367 operis
1146 1295 1178 1349 et

139 1398 327 1475 consolandi
345 1409 534 1484 argumerua
556 1386 886 1483 exponereconabor.

184 1513 257 1576 Fuit
272 1512 422 1577 Crantori
445 1511 540 1577 huius
555 1512 633 1574 libri
652 1510 812 1575 scribendi
831 1512 1011 1592 consilium,
1029 1534 1096 1575 uon
1108 1525 1177 1577 tan·

140 1639 229 1705 tun,
258 1638 298 1690 ut
324 1626 515 1711 llippoclem
536 1624 577 1688 de
596 1637 699 1688 morte
728 1625 907 1688 liberorum
934 1626 1176 1705 carseolanetur,

140 1741 366 1818 verumetiam,
383 1749 419 1803 ut
435 1749 586 1804 accurate
602 1738 642 1802 de
653 1738 849 1822 argumentis
865 1739 1050 1802 consolandi
1068 1748 1186 1824 agenn·

142 1855 235 1917 simul
257 1854 493 1939 aliorum‚'‹pui
520 1853 632 1916 codem
658 1863 881 1937 premerentur
901 1853 1101 1933 calamitate,
1132 1855 1178 1917 le·

143 1969 223 2030 niret
249 1966 386 2032 dolores.
428 1967 562 2031 librum
582 1967 684 2051 igitur
704 1964 880 2029 inscribens
912 1963 991 2051 περὶ
1011 1963 1177 2044 πένθους,

143 2082 249 2145 luctus
271 2093 419 2144 naturam
442 2081 594 2167 indagare
616 2079 758 2156 studuit,
792 2098 889 2163 quarn
908 2079 1007 2146 talem
1028 2081 1176 2166 agnovit,

141 2207 178 2259 ut
197 2216 328 2280 prorsus
346 2215 421 2258 eam
442 2194 602 2279 repellere
632 2214 695 2256 non
723 2193 757 2255 in
787 2203 892 2256 nostra
922 2204 1078 2277 potestate
1105 2214 1178 2258 esse

143 2308 375 2396 contenderet.⁸
399 2298 445 2370 Ti
466 2304 524 2386 μὲν
551 2293 607 2370 οὗν
632 2295 754 2388 clipeis,
776 2305 900 2387 ajebat,
923 2301 976 2368 nat
1003 2294 1180 2372 δάκνεσθαι

142 2409 389 2507 τελουτὴσαπος
410 2416 498 2494 υἱοῦ,
521 2407 660 2502 φυσικήν
681 2409 748 2497 ἔχει
768 2408 825 2504 τήν
850 2408 954 2503 ἀρχ-ἢό
975 2416 1033 2502 τῆς
1059 2405 1178 2503 λύπης,

141 2528 194 2593 καὶ
216 2520 275 2593 οὐκ
296 2519 347 2615 ἐφ’
372 2521 453 2616 ἡμῖν.
487 2525 607 2591 Natura
629 2529 714 2591 enim
733 2549 809 2592 cum
827 2526 937 2592 afferat
958 2528 1121 2607 dolorem,
1149 2529 1179 2592 ei

122 2641 323 2725 ¹cedendum
344 2641 559 2720 existimabat,
583 2642 703 2726 quippe
723 2643 782 2726 ,qui
802 2653 926 2726 premat
944 2652 1041 2726 atque
1062 2642 1177 2720 instet,

143 2757 219 2818 utei
230 2776 295 2819 uon
316 2755 418 2818 resisti
433 2756 541 2840 possit.
553 2753 581 2841 ²)
606 2755 811 2840 Improbabat
825 2766 938 2819 autem
956 2755 1070 2820 durem
1088 2757 1178 2819 illam

143 2869 403 2955 Pyrrhoniorum·
422 2857 615 2947 incestae,
629 2867 696 2954 'qui
726 2869 832 2932 omnia
863 2890 966 2955 aequo
982 2871 1100 2934 ··enimo
1130 2871 1178 2933 le-

143 2970 239 3047 reuda
262 2993 431 3067 putarent,
460 2982 585 3068 quippe
610 3002 676 3068 qua
704 2973 816 3045 mutua
845 2980 1011 3045 hominum
1040 2984 1178 3047 beneio

177 3298 203 3364 1)
239 3301 295 3350 Vid.
307 3301 351 3349 Fr.
365 3299 504 3351 Schneider
512 3300 642 3350 emmer.
653 3299 684 3348 de
692 3301 825 3350 Crantoris
835 3286 1180 3371 libroffluimpiuebt‘iovg

142 3395 313 3457 inscribitur,
331 3394 358 3441 in
377 3409 453 3458 opere
472 3393 689 3454 Zeitschrrftfrtr
705 3393 749 3442 die
765 3395 956 3456 Altcrthumsw.
974 3393 1042 3443 1836
1063 3397 1108 3444 llo.
1128 3391 1180 3444 104

143 3491 169 3534 et
189 3486 256 3550 105,
276 3492 304 3535 et
327 3504 351 3536 v.
371 3487 464 3536 Bleeclr
489 3503 536 3535 van
558 3488 683 3552 Rysewylr
699 3489 773 3537 Dios.
791 3487 822 3535 de
840 3488 961 3536 Crantore
977 3489 1080 3536 Seleuci
1100 3487 1179 3548 lugd.

142 3580 195 3629 nrt.
217 3577 287 3629 1836
312 3598 337 3645 p.
355 3578 397 3653 ¹3¹1
418 3596 473 3644 sqq.
499 3582 626 3630 Crantoris
645 3586 731 3630 autem
745 3596 809 3646 opu·
823 3586 850 3630 et
862 3581 977 3631 Ciceroni
989 3579 1181 3631 in'Tusculanie

122 3726 124 3737 Ι
144 3675 244 3737 Quaerit.
263 3679 290 3722 et
305 3674 442 3723 Plutarcho
457 3675 484 3723 in
503 3673 604 3726 Consul.
622 3675 654 3724 ad
668 3675 753 3739 Apoll.
769 3677 801 3725 ob
815 3682 926 3724 mentem
942 3676 1019 3723 fuisse
1042 3679 1180 3738 versutum,

139 3767 301 3830 jamdudum
314 3773 470 3816 monuerunt
484 3769 654 3834 interpretes,
668 3769 695 3818 in
714 3770 801 3834 primis
816 3769 949 3832 Wyttcnb.
965 3769 996 3816 ad
1012 3769 1078 3819 Plut.
1096 3770 1142 3834 0p.
1155 3786 1179 3819 c.

143 3865 170 3909 et
185 3862 243 3909 duta
264 3877 340 3926 opera
357 3861 544 3912 slemouetrevit
562 3863 591 3911 A.
608 3863 726 3913 llatlhiac
741 3863 769 3911 in
781 3862 1004 3913 Prolusinneauni
1017 3861 1095 3926 1888,
1114 3879 1179 3928 quae

144 3953 239 4016 legitur
257 3955 283 4002 in
302 3955 357 4002 eius
373 3956 528 4003 Vemiechtc
538 3955 677 4015 Schriften.
690 3955 795 4008 Alteub.
808 3953 877 4006 1888
889 3972 917 4022 p.
931 3952 973 4006 lt.
986 3972 1044 4021 sqq.

178 4044 205 4109 2)
240 4047 291 4097 eie.
310 4049 385 4098 Teuc.
401 4050 431 4108 Q.
444 4050 490 4098 111.
504 4047 546 4100 28.
