2648 4844
571 1329 844 1461 entatu.

237 1642 272 1678 DE
296 1640 467 1677 t’utLosouuts
488 1631 624 1692 GRAECIS,
647 1641 944 1689 Qutconsonat'tortus
965 1644 1000 1680 DE
1023 1644 1184 1681 §enecuere

613 1783 810 1820 SCRIPSERUNT.

695 2034 701 2053 t
748 2038 763 2053 υ
869 2036 875 2055 l
913 2039 922 2058 3
943 2035 951 2056 Ι
973 2034 1019 2079 ’tl
1123 2042 1137 2055 Ψ
1180 2039 1186 2061 Ι

655 2039 699 2099 Tu
724 2061 817 2122 γηρας
839 2063 890 2100 ουκ
907 2063 944 2099 arr
968 2041 1065 2125 modste
1083 2063 1136 2102 του
1152 2044 1231 2120 prov,

697 2147 756 2217 ‘itt'
782 2152 826 2218 ἐπ’
841 2154 928 2244 α’ρχῇ
949 2157 1097 2241 μακαρίας
1120 2159 1211 2242 ζωῆς.

973 2276 1113 2312 navemus.

233 2612 363 2688 Cicero,
395 2610 452 2673 ubi
485 2609 524 2672 de
558 2598 774 2673 dnnsolatione
803 2610 890 2694 agit,
927 2612 1097 2695 separatim
1131 2624 1233 2675 certas

184 2726 233 2789 ait
254 2724 377 2789 scholas
401 2746 467 2786 esse
487 2722 526 2785 de
545 2725 672 2800 exsilio,
698 2723 737 2787 de
750 2725 883 2787 interitu
905 2726 1047 2809 patriae,
1073 2726 1112 2789 de
1131 2728 1233 2789 servi-

189 2851 276 2917 tute,
302 2839 342 2901 de
361 2837 544 2917 debilitate,
566 2839 608 2902 de
626 2841 799 2918 caecitate,
824 2839 864 2902 de
887 2841 972 2903 omni
993 2863 1087 2918 casu,
1112 2841 1145 2903 in
1169 2863 1233 2925 quo

190 2975 307 3016 nomen
338 2954 412 3036 poni
440 2953 539 3016 soleat
567 2953 777 3031 calamitatis,
811 2975 914 3038 eaque
939 2955 1078 3018 Graecos
1110 2955 1145 3017 in
1167 2955 1235 3018 sin-

189 3067 283 3152 gulas
303 3066 430 3151 'scholas
461 3077 492 3128 et
523 3067 665 3151 singulos
696 3065 793 3129 libros
823 3066 993 3151 dispertiri.
1010 3064 1034 3153 ¹)
1070 3069 1133 3131 Nos
1160 3090 1235 3131 vero

187 3181 361 3264 separatim
379 3180 418 3242 de
436 3180 583 3242 omnibus
604 3202 699 3265 agere
719 3204 781 3244 non
795 3204 980 3265 possumus,
1006 3204 1107 3267 quum
1130 3185 1236 3266 plera-

189 3317 255 3380 que
273 3294 410 3378 scripta,
432 3316 469 3356 eo
492 3296 707 3378 pertinentia,
728 3297 767 3358 ad
788 3309 925 3359 nostram
950 3319 1012 3359 non
1032 3299 1236 3379 pervenerint

191 3411 388 3473 memoriam.
422 3408 509 3472 Nihil
531 3409 615 3471 enim
632 3411 722 3472 nobis
746 3411 895 3474 relietum
919 3423 982 3490 est,
1008 3433 1044 3473 er
1067 3433 1133 3496 qun
1153 3412 1236 3475 effici

190 3509 307 3610 pitssit,
335 3522 412 3608 quid
430 3545 458 3588 e.
481 3546 512 3607 g.
534 3523 574 3586 de
592 3525 766 3602 servitute,
791 3525 830 3587 de
850 3525 1014 3588 debilitate
1036 3524 1143 3610 deque
1162 3547 1235 3589 cae-

189 3641 288 3702 citate
316 3638 518 3716 monuerint3
544 3637 659 3700 adsunt
689 3649 812 3701 tantum
837 3640 954 3723 scripta
982 3640 1030 3702 vel
1058 3640 1237 3725 fragmenta

190 3751 350 3837 quaedam
374 3751 414 3813 de
433 3763 614 3828 senectute,
639 3750 680 3813 de
700 3752 808 3814 exsilio
828 3751 933 3837 deque
950 3754 1083 3816 interitu
1103 3763 1236 3836 patriae.
1307 3781 1309 3785 ¹

153 3949 397 3957 ι*-

230 4068 254 4129 1)
293 4068 346 4119 fic.
369 4071 444 4120 Tuae,
466 4072 494 4128 Q.
514 4071 559 4120 111,
576 4068 616 4116 34,
