2648 4844
636 301 697 362 106

138 481 194 564 qni
218 480 297 542 alios
323 481 447 562 saepius
480 491 561 542 esset
592 481 794 557 consolatus,
831 500 917 542 nuno
946 481 1013 562 ipse
1045 479 1180 563 despon-

137 593 211 658 deat
230 595 390 656 animum:
411 593 525 656 deindo
551 615 627 657 sero
645 595 704 678 ipsi
724 593 890 671 ostendat,
922 594 1071 657 exsilium
1097 593 1180 657 haud

138 729 206 771 esse
238 708 368 787 malum.
411 706 535 770 Adsunt
555 709 640 770 onim
663 709 742 786 tibi,
773 709 838 786 ait,
872 708 957 770 bona
978 709 1129 772 valetudo
1151 720 1180 771 et

139 822 244 886 omnia
267 821 464 898 necessaria,
489 820 649 906 ideoque,
673 842 758 907 quae
776 820 816 884 ad
836 821 1076 885 sustentandam
1087 823 1179 885 vitam

138 935 279 1013 laniunt,
304 934 402 998 habes
420 934 550 1000 affatim.
574 935 608 997 Si
626 957 701 999 vero
718 936 830 1020 luges,
850 936 932 1020 ‘quia
952 946 1094 999 caeteras
1109 957 1180 1020 opes

138 1049 291 1126 amisisti,
327 1070 389 1111 non
421 1070 518 1134 aegre
539 1047 602 1112 hoo
633 1048 803 1113 serendum
835 1059 903 1127 ost,
922 1070 1038 1134 .quum
1070 1071 1178 1128 omno,

139 1161 226 1248 quod
258 1173 386 1246 praeter
414 1163 590 1225 necessaria
618 1162 809 1241 habeamus,
830 1162 1029 1248 superfluum
1049 1163 1179 1241 sit,'ne-

140 1297 204 1362 que
227 1278 364 1354 referat,
387 1275 510 1339 adsitne
533 1297 573 1338 au
595 1275 687 1339 desit.
733 1275 817 1360 Opes
841 1287 1005 1360 praeterea
1026 1275 1099 1339 illas
1122 1298 1179 1340 non

141 1413 158 1454 a
189 1402 280 1475 patre
308 1390 480 1473 accepisti,
505 1389 561 1452 sed
588 1388 731 1453 dicendis
754 1390 949 1453 orationibus
972 1390 1031 1452 tibi
1051 1398 1181 1474 eompa-

142 1505 238 1582 rasti,
273 1514 309 1567 ut
325 1503 459 1565 'mirum
485 1525 548 1567 non
577 1505 635 1581 sit,
658 1502 770 1593 eadem
792 1504 913 1568 ratione
933 1514 964 1565 te
985 1503 1056 1566 illas
1079 1504 1181 1567 denuo

141 1618 291 1683 amisisse.
324 1618 522 1702 Conquestus
542 1628 651 1681 autem
669 1638 721 1697 es,
745 1618 885 1680 animum
903 1617 962 1680 tibi
981 1639 1057 1702 prae
1074 1617 1181 1681 dolore

142 1732 249 1796 minus
267 1732 349 1795 bene
367 1753 434 1794 sese
454 1731 593 1809 liabere3
619 1730 674 1794 sed
696 1732 822 1810 animo,
844 1733 966 1816 quippe
985 1731 1112 1795 divinae
1130 1755 1181 1795 na·

142 1857 252 1924 turae,
270 1846 428 1909 medicina
446 1845 625 1929 comparari
646 1845 772 1908 facilius
789 1856 911 1930 potest,
929 1867 1025 1930 quam
1044 1847 1179 1930 corpori.

77 1941 79 1945 i
141 1959 266 2024 Adsunt
293 1960 379 2022 enirn
408 1959 466 2022 tibi
494 1959 599 2022 omnia
626 1959 723 2021 animi
753 1959 854 2036 bour,
888 1980 972 2044 quae
995 1959 1043 2021 vir
1065 1960 1182 2043 probus
1215 1963 1217 1967 ’

141 2071 261 2136 habere
292 2083 413 2157 potest,
446 2072 649 2156 prudentiam
678 2071 772 2151 dico,
798 2071 973 2154 justitiam,
1004 2084 1182 2157 temperau-

143 2186 237 2265 tiam,
256 2185 494 2264 fortitudinem,
514 2207 711 2272 quamquam
729 2196 765 2248 tu
779 2172 818 2248 de
834 2185 895 2250 hae
912 2185 1057 2249 nonnihil
1076 2186 1182 2251 detra-

53 2336 54 2339 *
142 2302 224 2366 xisso
241 2299 372 2377 videris,
392 2301 513 2385 quippe
535 2323 592 2379 eo,
617 2299 705 2385 quod
721 2300 778 2363 tibi
794 2312 921 2385 praeter
938 2322 1026 2385 spem
1045 2291 1181 2392 accidit,

143 2415 364 2480 labefactatus.
399 2413 494 2495 Quod
521 2424 629 2477 autem
656 2413 803 2476 exsilium
822 2436 895 2478 cum
914 2409 1090 2500 ignominia
1110 2437 1183 2479 eon·

137 2529 291 2612 junctum
312 2528 449 2606 dieitur,
484 2548 589 2612 neque
610 2525 672 2590 hoc
702 2548 813 2590 verum
838 2539 902 2590 est:
927 2527 1077 2613 quidest
1102 2530 1181 2591 enim
1219 2589 1221 2592 ,

143 2641 344 2729 ignominia?
355 2641 462 2704 Exstat
471 2652 595 2704 tantum
606 2642 639 2702 iu
658 2641 807 2726 opinione
824 2640 990 2704 hominnm
1001 2691 1010 2719 ,
1023 2653 1079 2720 ut,
1099 2640 1182 2727 quod

48 2824 49 2834 ,
142 2756 198 2820 alii
218 2776 419 2839 summopere
443 2754 592 2832 laudaut,
617 2754 657 2818 ab
675 2754 745 2818 aliis
770 2755 931 2839 culpetur.
965 2755 1119 2819 Exsilium
1140 2766 1184 2818 est

51 2884 55 2889 “
143 2869 378 2955 peregrinati03
412 2869 660 2954 peregrinantur
692 2880 799 2933 autem
831 2870 977 2931 nonnulli
1003 2890 1061 2953 per
1089 2879 1183 2933 totam

81 3007 83 3010 ⁴
145 2983 263 3063 vitam,
294 2983 393 3068 idque
417 3004 539 3046 summa
564 2983 744 3066 voluptate;
778 2994 813 3044 tu
836 2983 1060 3047 veromoleste
1082 2984 1182 3058 seres,

63 3171 78 3196 ,ι
145 3098 233 3183 quod
256 3099 311 3161 alii
337 3097 371 3158 in
398 3096 521 3159 deliciis
541 3096 684 3160 liabent?
718 3097 764 3158 Ne
782 3095 860 3159 mihi
886 3095 1038 3178 objicias,
1059 3096 1133 3159 illos
1152 3094 1181 3158 id

40 3271 42 3273 ,
145 3212 305 3289 volentes,
331 3221 362 3273 te
389 3231 464 3272 vero
479 3209 614 3272 invitum
636 3208 698 3273 hoo
719 3211 846 3288 faeere;
872 3209 952 3274 haec
972 3210 1057 3273 enim
1075 3211 1183 3274 eadem

146 3336 237 3404 sunl;
254 3347 327 3388 nam
348 3325 403 3409 qui
416 3325 526 3388 nolens
546 3324 687 3409 corporis
704 3324 921 3389 exercitationi
940 3346 972 3386 se
992 3323 1098 3404 dedit,
1123 3347 1184 3387 nou

145 3439 251 3503 miuus
282 3439 341 3503 sibi
371 3439 494 3504 roboris
521 3436 679 3522 acquirit,
712 3459 811 3522 quarn
838 3439 896 3523 qui
921 3438 1006 3503 ultro
1034 3437 1067 3501 i'd
1086 3439 1182 3530 'facit

145 3553 357 3622 Verissimum
373 3563 420 3615 ost
433 3562 523 3615 retus
541 3551 603 3615 hoo
623 3551 770 3615 effatum:
796 3552 848 3614 δεῖ
867 3540 952 3637 ἡμᾶς
972 3542 1034 3637 μή,
1063 3542 1127 3614 ὅσα
1149 3541 1185 3613 dii

50 3721 52 3724 Α
145 3655 356 3747 βουλώμεθα,
379 3656 491 3752 ἀξιοῦν
511 3663 673 3748 γίνεσθαι,
698 3652 775 3742 ἀλλ’,
799 3655 862 3727 ὅσα
885 3654 923 3726 ἂν
945 3657 980 3726 ἔκ
993 3681 1080 3734 τινος
1092 3651 1184 3745 ἀνάγ-

58 3783 65 3791 ’
145 3805 203 3870 κης
223 3782 355 3868 γίνεται,
377 3774 570 3865 βούλεσθαι.
614 3783 788 3847 Non'enim
803 3783 864 3868 ipsi
880 3795 1020 3846 nostram
1037 3781 1185 3868 eligimus
1234 3827 1241 3846 ,

146 3896 263 3972 vitam,
288 3895 343 3959 sed
366 3887 525 3983 quidquid
551 3896 693 3962 decrevit
713 3897 860 3977 fortuna,
884 3897 946 3961 hoo
961 3895 1185 3982 accipiendum

148 4031 185 4073 ao
198 4009 424 4094 perferendum
441 4024 498 4077 est.
533 4007 650 4083 Καίτοι
672 4004 771 4094 ἔγωγε
793 4000 899 4076 ἀκούω
921 3999 1027 4088 τοῦθ’,
1051 4001 1102 4074 ὅτι
1130 3999 1187 4073 oria
