2648 4844
634 341 695 401 1³9

141 523 235 587 facile
254 520 371 584 infitias
393 519 496 583 iverit.
527 518 568 582 Ut
588 521 672 581 enim
694 518 824 581 historia
844 518 1010 598 laudatur,
1032 531 1182 606 tanquam

140 637 224 698 ritae
243 635 413 719 magistra,
438 633 514 717 quia
532 632 746 711 tortitudinis,
767 633 961 696 constantiae
982 633 1183 719 aliarumque

141 751 297 812 virtutum
322 748 451 832 egregia
472 746 601 829 praebet
618 748 811 830 specimina;
836 745 876 809 ad
897 746 1081 809 leniendum
1101 768 1182 832 quo·

141 885 205 949 qne
225 862 368 925 dolorem
390 860 508 923 valebit
525 861 720 923 enumeratio
738 861 976 945 exemplorum,
995 859 1094 944 idque
1116 861 1182 924 effi-

142 979 226 1053 ciet,
251 987 287 1038 ut
315 974 392 1051 ille,
417 975 473 1059 qui
506 985 666 1051 moereat,
691 973 859 1036 ferendum
889 974 950 1036 sibi
978 973 1010 1036 id
1036 985 1181 1052 censeat,

142 1088 229 1176 quod
249 1086 353 1151 videat
375 1087 492 1150 multos
514 1086 675 1150 moderate
703 1096 734 1148 et
756 1088 929 1172 tranquille
949 1087 1070 1152 tulisse.

185 1201 278 1266 Haud
296 1223 365 1264 rara
385 1211 432 1263 est
455 1188 618 1284 praeterea
642 1221 771 1278 eorum,
792 1200 848 1285 qui
867 1201 900 1263 in
917 1201 1009 1263 luctu
1027 1212 1119 1276 sunt,
1142 1199 1183 1263 de

140 1317 296 1399 injustitia
315 1314 463 1377 fortunae
488 1314 637 1399 querela,
669 1325 854 1378 accusantes
876 1334 964 1392 earn,
992 1313 1078 1398 quod
1101 1315 1183 1399 opti·

141 1453 208 1494 mos
230 1449 393 1514 quosque,
414 1429 520 1512 quiet
541 1427 679 1513 familiae
699 1449 775 1491 snae
792 1440 823 1492 et
842 1428 1039 1513 reipublicae
1058 1439 1089 1490 et
1109 1450 1182 1490 vero

141 1544 286 1609 societati
307 1541 465 1604 humanae
486 1541 627 1625 prosint,
650 1541 699 1603 rel
719 1543 848 1627 egregia
871 1565 926 1605 sua
945 1535 1052 1606 indole
1071 1542 1181 1628 profu·

143 1659 205 1721 turi
217 1658 298 1735 sint,
316 1656 420 1719 subita
439 1665 541 1717 morte
557 1665 700 1740 premat,
719 1667 830 1741 parcat
846 1677 920 1718 vero
939 1657 1079 1719 scelestis
1096 1657 1182 1720 aliis·

140 1794 224 1857 que,
237 1789 374 1857 quorum
390 1771 451 1832 rita
464 1770 583 1833 civitati
595 1771 695 1854 magis
707 1771 746 1832 sit
758 1771 862 1848 oneri,
875 1764 971 1856 qnam
983 1779 1179 1834 ornamento.

140 1888 231 1969 Quae
251 1887 359 1971 opinio
386 1906 424 1947 eo
443 1887 546 1968 major
566 1885 643 1973 erit,
662 1906 764 1969 eoque
786 1883 932 1948 acerbius
951 1884 1105 1948 lacerabit
1126 1884 1161 1947 lu

142 2012 288 2086 gentem,
309 2020 374 2084 quo
392 1999 491 2082 magis
508 1997 582 2075 ille,
603 2019 700 2083 quem
716 1999 874 2077 amiserit,
898 1998 1067 2061 virtutibus
1083 1998 1181 2061 fuerit

142 2125 289 2192 ornatus,
318 2112 463 2198 adeoque
490 2113 550 2198 ipsi
576 2113 720 2199 longiore
743 2115 806 2177 vita
825 2114 940 2200 dignus
967 2114 1050 2178 risus
1070 2113 1178 2177 fuerit.

140 2228 287 2313 Augetur
314 2249 410 2312 porro
441 2226 609 2312 aegritudo
633 2229 826 2313 cogitatione
854 2249 891 2292 ac
920 2238 1029 2304 metu,
1059 2249 1097 2288 ne
1118 2229 1180 2312 ipsi

142 2342 238 2427 culpa
255 2352 360 2404 nostra
377 2341 472 2405 huius
494 2342 682 2404 calamitatis
700 2343 795 2404 simus
818 2353 983 2420 auctores,
1007 2363 1070 2427 qna
1087 2343 1179 2426 cogi-

141 2457 261 2519 tatione
285 2455 330 2517 nil
347 2455 485 2519 atrocius
506 2455 630 2540 lugenti
649 2476 717 2518 esse
736 2466 856 2539 potest,
885 2476 988 2540 quum
1005 2454 1058 2533 id,
1092 2454 1178 2541 quod

141 2570 236 2654 culpa
256 2592 311 2632 sua
332 2569 452 2632 facturn
482 2591 548 2631 esse
570 2579 683 2654 putat,
711 2570 853 2653 reparari
873 2581 1021 2654 nequeat.
1068 2571 1180 2656 Neque

140 2684 313 2747 defuerunt
340 2682 419 2746 adeo
441 2682 642 2768 philosophi,
668 2684 724 2768 qui
750 2681 784 2745 id
815 2684 847 2746 in
875 2683 984 2747 schola
1013 2682 1177 2750 docerent.

141 2798 346 2882 Peripatetici
363 2798 448 2860 enim
474 2818 600 2861 omnem
620 2797 854 2882 aegritudinem
880 2785 1069 2884 luctumque
1089 2800 1179 2883 quasi

141 2912 382 2997 castigationem
400 2922 431 2974 et
451 2911 730 2996 reprehensionem
748 2932 814 2973 esse
834 2910 1031 2991 docuerunt,
1052 2925 1088 2976 nt
1101 2935 1178 2998 pec·

141 3037 286 3092 catorum
306 3027 476 3111 impunitas
504 3027 543 3089 iis
572 3024 646 3089 data
664 3025 845 3104 rideretur,
875 3027 933 3111 qni
958 3025 1041 3089 mala
1059 3027 1179 3090 ferrent

94 3131 98 3144 ⁸
140 3142 208 3205 aine
230 3139 353 3218 dolore.
368 3137 393 3225 ¹)
420 3141 524 3222 Quam
541 3141 723 3225 opinionem
743 3152 779 3205 ut
797 3141 961 3205 auferrent
979 3140 1177 3227 philosophi,

140 3251 308 3317 ostendere
336 3255 555 3332 conabantur,
585 3275 620 3317 ea
639 3253 711 3340 lege
732 3276 787 3317 nos
808 3252 876 3319 esse
894 3267 1001 3335 natos,
1029 3266 1064 3319 ut
1085 3277 1179 3320 nemo

139 3371 171 3434 in
204 3355 397 3454 perpetuum
426 3390 492 3432 esse
519 3368 617 3454 possit
636 3390 747 3453 expers
763 3369 939 3451 mali,jam
951 3369 1026 3433 inde
1046 3369 1086 3432 ab
1106 3381 1179 3434 ortu

139 3483 173 3546 in
188 3483 279 3547 nobis
301 3485 398 3547 luisse
418 3485 536 3547 semina
546 3523 559 3562 ,=
574 3506 590 3546 e
612 3484 728 3570 quibus
740 3484 860 3564 morbi,
877 3484 960 3548 mala
977 3496 1008 3547 et
1019 3495 1178 3569 postremo

139 3618 224 3661 mors
254 3599 436 3676 orirentur,
469 3610 567 3684 atque
590 3598 666 3662 inde
695 3598 894 3677 efficiebant,
924 3600 1053 3663 minime
1072 3610 1178 3663 nostra
1250 3622 1252 3626 ·

140 3711 236 3795 culpa
259 3713 313 3775 illa
340 3713 430 3777 nobis
453 3713 623 3792 accidisse,
651 3713 705 3776 sed
735 3714 874 3777 immissa
902 3735 968 3777 esse
992 3735 1009 3776 a
1037 3715 1176 3778 fortuna.

140 3825 313 3912 Quumque
333 3848 369 3890 ea
386 3828 431 3890 vis
450 3828 507 3891 fati
523 3829 584 3907 sit,
604 3840 639 3892 nt
659 3850 742 3914 quae
757 3829 952 3906 decreverit,
975 3827 1064 3891 nullo
1083 3828 1177 3891 modo

177 4091 201 4155 ¹l
237 4088 805 4161 eierare-ew.tauqueoffiras?
849 4106 852 4111 .
909 4112 913 4116 -
