<?xml version="1.0" encoding="UTF-8"?>
<!DOCTYPE html PUBLIC "-//W3C//DTD XHTML 1.0 Transitional//EN"
    "http://www.w3.org/TR/xhtml1/DTD/xhtml1-transitional.dtd">
<html xmlns="http://www.w3.org/1999/xhtml" xml:lang="en" lang="en">
 <head>
  <title>
</title>
<meta http-equiv="Content-Type" content="text/html;charset=utf-8" />
  <meta name='ocr-system' content='tesseract 3.04.00' />
  <meta name='ocr-capabilities' content='ocr_page ocr_carea ocr_par ocr_line ocrx_word'/>
</head>
<body>
  <div class='ocr_page' id='page_1' title='image "./diatribeinlocum00heusgoog_0257.png"; bbox 0 0 2648 4844; ppageno 0'>
   <div class='ocr_carea' id='block_1_1' title="bbox 687 327 750 387">
    <p class='ocr_par' dir='ltr' id='par_1_1' title="bbox 687 327 750 387">
     <span class='ocr_line' id='line_1_1' title="bbox 687 327 750 387; baseline 0.016 -1"><span class='ocrx_word' id='word_1_1' title='bbox 687 327 750 387; x_wconf 80' lang='lat'><strong>156</strong></span> 
     </span>
    </p>
   </div>
   <div class='ocr_carea' id='block_1_2' title="bbox 136 502 1277 3086">
    <p class='ocr_par' dir='ltr' id='par_1_2' title="bbox 136 502 1277 3086">
     <span class='ocr_line' id='line_1_2' title="bbox 204 502 1250 588; baseline -0.004 -18"><span class='ocrx_word' id='word_1_2' title='bbox 204 516 363 570; x_wconf 87' lang='lat' dir='ltr'><strong>moestum</strong></span> <span class='ocrx_word' id='word_1_3' title='bbox 396 505 536 568; x_wconf 81' lang='lat' dir='ltr'><strong>smmum</strong></span> <span class='ocrx_word' id='word_1_4' title='bbox 567 505 775 588; x_wconf 80' lang='lat' dir='ltr'><strong>erigendum,</strong></span> <span class='ocrx_word' id='word_1_5' title='bbox 808 505 941 588; x_wconf 88' lang='lat' dir='ltr'><strong>eiusque</strong></span> <span class='ocrx_word' id='word_1_6' title='bbox 962 502 1140 566; x_wconf 87' lang='lat' dir='ltr'><strong>sedandum</strong></span> <span class='ocrx_word' id='word_1_7' title='bbox 1162 502 1250 566; x_wconf 94' lang='lat' dir='ltr'><strong>dolo·</strong></span> 
     </span>
     <span class='ocr_line' id='line_1_3' title="bbox 204 616 1251 701; baseline 0.002 -21"><span class='ocrx_word' id='word_1_8' title='bbox 204 641 292 701; x_wconf 91' lang='lat' dir='ltr'><strong>rem,</strong></span> <span class='ocrx_word' id='word_1_9' title='bbox 329 640 421 681; x_wconf 89' lang='lat' dir='ltr'><strong>nemo</strong></span> <span class='ocrx_word' id='word_1_10' title='bbox 452 639 526 681; x_wconf 87' lang='lat' dir='ltr'><strong>sane</strong></span> <span class='ocrx_word' id='word_1_11' title='bbox 563 616 680 679; x_wconf 88' lang='lat' dir='ltr'><strong>infitias</strong></span> <span class='ocrx_word' id='word_1_12' title='bbox 714 618 791 695; x_wconf 92' lang='lat' dir='ltr'><strong>ibit;</strong></span> <span class='ocrx_word' id='word_1_13' title='bbox 817 618 932 679; x_wconf 79' lang='lat' dir='ltr'><strong>etenim</strong></span> <span class='ocrx_word' id='word_1_14' title='bbox 959 638 1060 701; x_wconf 95' lang='lat' dir='ltr'><strong>quum</strong></span> <span class='ocrx_word' id='word_1_15' title='bbox 1085 616 1251 701; x_wconf 76' lang='lat' dir='ltr'>aegritudo</span> 
     </span>
     <span class='ocr_line' id='line_1_4' title="bbox 203 722 1277 816; baseline -0.003 -20"><span class='ocrx_word' id='word_1_16' title='bbox 203 733 338 796; x_wconf 80' lang='lat' dir='ltr'><strong>maxime</strong></span> <span class='ocrx_word' id='word_1_17' title='bbox 366 732 487 794; x_wconf 89' lang='lat' dir='ltr'><strong>oriatur</strong></span> <span class='ocrx_word' id='word_1_18' title='bbox 509 752 546 793; x_wconf 89' lang='lat' dir='ltr'><strong>ex</strong></span> <span class='ocrx_word' id='word_1_19' title='bbox 572 752 680 793; x_wconf 91' lang='lat' dir='ltr'><strong>amore</strong></span> <span class='ocrx_word' id='word_1_20' title='bbox 708 741 740 792; x_wconf 91' lang='lat' dir='ltr'><strong>et</strong></span> <span class='ocrx_word' id='word_1_21' title='bbox 761 729 920 793; x_wconf 88' lang='lat' dir='ltr'><strong>desiderio</strong></span> <span class='ocrx_word' id='word_1_22' title='bbox 949 730 1036 806; x_wconf 87' lang='lat' dir='ltr'><strong>eius,</strong></span> <span class='ocrx_word' id='word_1_23' title='bbox 1062 752 1160 816; x_wconf 92' lang='lat' dir='ltr'><strong>quem</strong></span> <span class='ocrx_word' id='word_1_24' title='bbox 1178 748 1248 794; x_wconf 90' lang='lat' dir='ltr'><strong>cru·</strong></span> <span class='ocrx_word' id='word_1_25' title='bbox 1275 722 1277 726; x_wconf 54' lang='grc'>’</span> 
     </span>
     <span class='ocr_line' id='line_1_5' title="bbox 202 843 1250 928; baseline -0.003 -20"><span class='ocrx_word' id='word_1_26' title='bbox 202 845 318 908; x_wconf 81' lang='lat' dir='ltr'><strong>delitet</strong></span> <span class='ocrx_word' id='word_1_27' title='bbox 334 846 511 921; x_wconf 88' lang='lat' dir='ltr'><strong>amisimus,</strong></span> <span class='ocrx_word' id='word_1_28' title='bbox 533 866 655 907; x_wconf 91' lang='lat' dir='ltr'><strong>summa</strong></span> <span class='ocrx_word' id='word_1_29' title='bbox 672 844 888 928; x_wconf 81' lang='lat' dir='ltr'><strong>subsequetur</strong></span> <span class='ocrx_word' id='word_1_30' title='bbox 908 843 1047 907; x_wconf 87' lang='lat' dir='ltr'><strong>lactandi</strong></span> <span class='ocrx_word' id='word_1_31' title='bbox 1067 865 1200 920; x_wconf 83' lang='lat' dir='ltr'><strong>caussa,</strong></span> <span class='ocrx_word' id='word_1_32' title='bbox 1227 845 1250 906; x_wconf 88' lang='lat' dir='ltr'><strong>si</strong></span> 
     </span>
     <span class='ocr_line' id='line_1_6' title="bbox 204 956 1250 1034; baseline -0.001 -13"><span class='ocrx_word' id='word_1_33' title='bbox 204 958 341 1021; x_wconf 89' lang='lat' dir='ltr'><strong>eundem</strong></span> <span class='ocrx_word' id='word_1_34' title='bbox 358 979 444 1022; x_wconf 93' lang='lat' dir='ltr'><strong>nunc</strong></span> <span class='ocrx_word' id='word_1_35' title='bbox 460 958 660 1021; x_wconf 88' lang='lat' dir='ltr'><strong>melioreuti</strong></span> <span class='ocrx_word' id='word_1_36' title='bbox 690 957 893 1034; x_wconf 91' lang='lat' dir='ltr'><strong>conditione,</strong></span> <span class='ocrx_word' id='word_1_37' title='bbox 918 977 1004 1020; x_wconf 92' lang='lat' dir='ltr'><strong>nunc</strong></span> <span class='ocrx_word' id='word_1_38' title='bbox 1025 956 1158 1021; x_wconf 90' lang='lat' dir='ltr'><strong>demum</strong></span> <span class='ocrx_word' id='word_1_39' title='bbox 1181 979 1250 1020; x_wconf 85' lang='lat' dir='ltr'><strong>rere</strong></span> 
     </span>
     <span class='ocr_line' id='line_1_7' title="bbox 203 1052 1246 1155; baseline 0.003 -24"><span class='ocrx_word' id='word_1_40' title='bbox 203 1072 308 1133; x_wconf 84' lang='lat' dir='ltr'><strong>vivere</strong></span> <span class='ocrx_word' id='word_1_41' title='bbox 320 1071 582 1155; x_wconf 74' lang='lat' dir='ltr'><strong>reputaverimus,</strong></span> <span class='ocrx_word' id='word_1_42' title='bbox 614 1071 731 1133; x_wconf 85' lang='lat' dir='ltr'><strong>Dolore</strong></span> <span class='ocrx_word' id='word_1_43' title='bbox 742 1069 872 1155; x_wconf 89' lang='lat' dir='ltr'><strong>quidem</strong></span> <span class='ocrx_word' id='word_1_44' title='bbox 884 1091 947 1132; x_wconf 92' lang='lat' dir='ltr'><strong>non</strong></span> <span class='ocrx_word' id='word_1_45' title='bbox 967 1070 1112 1149; x_wconf 82' lang='lat' dir='ltr'><strong>desinet,</strong></span> <span class='ocrx_word' id='word_1_46' title='bbox 1141 1052 1246 1135; x_wconf 78' lang='lat' dir='ltr'><strong>carum</strong></span> 
     </span>
     <span class='ocr_line' id='line_1_8' title="bbox 203 1182 1248 1268; baseline 0 -22"><span class='ocrx_word' id='word_1_47' title='bbox 203 1184 263 1248; x_wconf 89' lang='lat' dir='ltr'><strong>sibi</strong></span> <span class='ocrx_word' id='word_1_48' title='bbox 275 1196 372 1268; x_wconf 90' lang='lat' dir='ltr'><strong>caput</strong></span> <span class='ocrx_word' id='word_1_49' title='bbox 382 1206 449 1247; x_wconf 90' lang='lat' dir='ltr'><strong>esse</strong></span> <span class='ocrx_word' id='word_1_50' title='bbox 461 1194 626 1268; x_wconf 89' lang='lat' dir='ltr'><strong>ereptum,</strong></span> <span class='ocrx_word' id='word_1_51' title='bbox 648 1202 745 1268; x_wconf 88' lang='lat' dir='ltr'><strong>seque</strong></span> <span class='ocrx_word' id='word_1_52' title='bbox 757 1182 844 1245; x_wconf 94' lang='lat' dir='ltr'><strong>illius</strong></span> <span class='ocrx_word' id='word_1_53' title='bbox 860 1182 1080 1266; x_wconf 85' lang='lat' dir='ltr'><strong>amplexibus,</strong></span> <span class='ocrx_word' id='word_1_54' title='bbox 1097 1186 1248 1248; x_wconf 92' lang='lat' dir='ltr'><strong>sermoni·</strong></span> 
     </span>
     <span class='ocr_line' id='line_1_9' title="bbox 203 1295 1249 1383; baseline -0.001 -21"><span class='ocrx_word' id='word_1_55' title='bbox 203 1298 263 1362; x_wconf 89' lang='lat' dir='ltr'><strong>bus</strong></span> <span class='ocrx_word' id='word_1_56' title='bbox 276 1320 401 1376; x_wconf 87' lang='lat' dir='ltr'><strong>‚amore</strong></span> <span class='ocrx_word' id='word_1_57' title='bbox 413 1320 522 1362; x_wconf 87' lang='lat' dir='ltr'><strong>carere</strong></span> <span class='ocrx_word' id='word_1_58' title='bbox 535 1321 543 1376; x_wconf 93' lang='lat'>;</span> <span class='ocrx_word' id='word_1_59' title='bbox 556 1298 630 1375; x_wconf 91' lang='lat' dir='ltr'><strong>sed,</strong></span> <span class='ocrx_word' id='word_1_60' title='bbox 644 1295 679 1360; x_wconf 86' lang='lat' dir='ltr'><strong>ut</strong></span> <span class='ocrx_word' id='word_1_61' title='bbox 691 1309 869 1361; x_wconf 84' lang='lat' dir='ltr'><strong>revertatur</strong></span> <span class='ocrx_word' id='word_1_62' title='bbox 879 1299 912 1359; x_wconf 91' lang='lat' dir='ltr'><strong>in</strong></span> <span class='ocrx_word' id='word_1_63' title='bbox 925 1297 1021 1360; x_wconf 78' lang='lat' dir='ltr'><strong>vitam</strong></span> <span class='ocrx_word' id='word_1_64' title='bbox 1030 1319 1249 1383; x_wconf 89' lang='lat' dir='ltr'><strong>summamque</strong></span> 
     </span>
     <span class='ocr_line' id='line_1_10' title="bbox 204 1403 1248 1476; baseline 0 -2"><span class='ocrx_word' id='word_1_65' title='bbox 204 1413 293 1476; x_wconf 89' lang='lat' dir='ltr'><strong>illam</strong></span> <span class='ocrx_word' id='word_1_66' title='bbox 322 1411 509 1475; x_wconf 81' lang='lat' dir='ltr'><strong>felicitatem</strong></span> <span class='ocrx_word' id='word_1_67' title='bbox 537 1433 611 1474; x_wconf 93' lang='lat' dir='ltr'><strong>cum</strong></span> <span class='ocrx_word' id='word_1_68' title='bbox 637 1412 761 1474; x_wconf 86' lang='lat' dir='ltr'><strong>incerta</strong></span> <span class='ocrx_word' id='word_1_69' title='bbox 791 1411 887 1473; x_wconf 88' lang='lat' dir='ltr'><strong>buius</strong></span> <span class='ocrx_word' id='word_1_70' title='bbox 907 1403 1146 1474; x_wconf 67' lang='lat' dir='ltr'><strong>vitae‘lortuna</strong></span> <span class='ocrx_word' id='word_1_71' title='bbox 1166 1432 1248 1474; x_wconf 92' lang='lat' dir='ltr'><strong>com·</strong></span> 
     </span>
     <span class='ocr_line' id='line_1_11' title="bbox 205 1524 1248 1609; baseline -0.002 -21"><span class='ocrx_word' id='word_1_72' title='bbox 205 1535 328 1603; x_wconf 89' lang='lat' dir='ltr'><strong>mutet,</strong></span> <span class='ocrx_word' id='word_1_73' title='bbox 357 1524 390 1586; x_wconf 95' lang='lat' dir='ltr'><strong>id</strong></span> <span class='ocrx_word' id='word_1_74' title='bbox 418 1526 466 1587; x_wconf 83' lang='lat' dir='ltr'><strong>rix</strong></span> <span class='ocrx_word' id='word_1_75' title='bbox 498 1535 554 1588; x_wconf 92' lang='lat' dir='ltr'><strong>aut</strong></span> <span class='ocrx_word' id='word_1_76' title='bbox 584 1547 623 1586; x_wconf 88' lang='lat' dir='ltr'><strong>ne</strong></span> <span class='ocrx_word' id='word_1_77' title='bbox 649 1525 699 1590; x_wconf 79' lang='lat' dir='ltr'><strong>vix</strong></span> <span class='ocrx_word' id='word_1_78' title='bbox 723 1524 855 1609; x_wconf 88' lang='lat' dir='ltr'><strong>quidem</strong></span> <span class='ocrx_word' id='word_1_79' title='bbox 874 1535 986 1607; x_wconf 87' lang='lat' dir='ltr'><strong>optare</strong></span> <span class='ocrx_word' id='word_1_80' title='bbox 1006 1524 1148 1606; x_wconf 87' lang='lat' dir='ltr'><strong>poterit,</strong></span> <span class='ocrx_word' id='word_1_81' title='bbox 1175 1546 1248 1608; x_wconf 88' lang='lat' dir='ltr'><strong>prae</strong></span> 
     </span>
     <span class='ocr_line' id='line_1_12' title="bbox 205 1635 1248 1724; baseline 0.001 -24"><span class='ocrx_word' id='word_1_82' title='bbox 205 1659 330 1716; x_wconf 90' lang='lat' dir='ltr'><strong>amore,</strong></span> <span class='ocrx_word' id='word_1_83' title='bbox 356 1659 422 1723; x_wconf 91' lang='lat' dir='ltr'><strong>quo</strong></span> <span class='ocrx_word' id='word_1_84' title='bbox 452 1660 529 1724; x_wconf 85' lang='lat' dir='ltr'><strong>erga</strong></span> <span class='ocrx_word' id='word_1_85' title='bbox 557 1638 746 1702; x_wconf 88' lang='lat' dir='ltr'><strong>defunctum</strong></span> <span class='ocrx_word' id='word_1_86' title='bbox 774 1636 916 1702; x_wconf 82' lang='lat' dir='ltr'><strong>ducitur.</strong></span> <span class='ocrx_word' id='word_1_87' title='bbox 958 1635 1248 1721; x_wconf 83' lang='lat' dir='ltr'><strong>Meditatiolprae-</strong></span> 
     </span>
     <span class='ocr_line' id='line_1_13' title="bbox 167 1741 1248 1836; baseline 0 -22"><span class='ocrx_word' id='word_1_88' title='bbox 167 1741 169 1745; x_wconf 9' lang='grc' dir='ltr'><em>Α</em></span> <span class='ocrx_word' id='word_1_89' title='bbox 205 1763 291 1815; x_wconf 87' lang='lat' dir='ltr'><strong>terea</strong></span> <span class='ocrx_word' id='word_1_90' title='bbox 320 1752 427 1836; x_wconf 91' lang='lat' dir='ltr'><strong>placet</strong></span> <span class='ocrx_word' id='word_1_91' title='bbox 448 1751 488 1813; x_wconf 93' lang='lat' dir='ltr'><strong>de</strong></span> <span class='ocrx_word' id='word_1_92' title='bbox 510 1752 670 1836; x_wconf 86' lang='lat' dir='ltr'><strong>praesenti</strong></span> <span class='ocrx_word' id='word_1_93' title='bbox 690 1752 843 1814; x_wconf 87' lang='lat' dir='ltr'><strong>carissimi</strong></span> <span class='ocrx_word' id='word_1_94' title='bbox 871 1751 1019 1814; x_wconf 82' lang='lat' dir='ltr'><strong>defuncti</strong></span> <span class='ocrx_word' id='word_1_95' title='bbox 1043 1749 1248 1828; x_wconf 88' lang='lat' dir='ltr'><strong>conditione,</strong></span> 
     </span>
     <span class='ocr_line' id='line_1_14' title="bbox 204 1865 1249 1950; baseline 0.001 -22"><span class='ocrx_word' id='word_1_96' title='bbox 204 1887 302 1950; x_wconf 92' lang='lat' dir='ltr'><strong>quem</strong></span> <span class='ocrx_word' id='word_1_97' title='bbox 336 1866 426 1928; x_wconf 95' lang='lat' dir='ltr'><strong>nobis</strong></span> <span class='ocrx_word' id='word_1_98' title='bbox 459 1866 666 1950; x_wconf 86' lang='lat' dir='ltr'><strong>proponimus</strong></span> <span class='ocrx_word' id='word_1_99' title='bbox 695 1866 824 1929; x_wconf 86' lang='lat' dir='ltr'><strong>summis</strong></span> <span class='ocrx_word' id='word_1_100' title='bbox 855 1866 1003 1950; x_wconf 83' lang='lat' dir='ltr'><strong>verisque</strong></span> <span class='ocrx_word' id='word_1_101' title='bbox 1034 1865 1249 1949; x_wconf 82' lang='lat' dir='ltr'><strong>voluptatibus</strong></span> 
     </span>
     <span class='ocr_line' id='line_1_15' title="bbox 203 1979 1249 2063; baseline -0.001 -22"><span class='ocrx_word' id='word_1_102' title='bbox 203 1979 419 2063; x_wconf 84' lang='lat' dir='ltr'><strong>gaudentem,</strong></span> <span class='ocrx_word' id='word_1_103' title='bbox 445 2001 480 2042; x_wconf 89' lang='lat' dir='ltr'><strong>ea</strong></span> <span class='ocrx_word' id='word_1_104' title='bbox 501 1979 561 2042; x_wconf 90' lang='lat' dir='ltr'><strong>sibi</strong></span> <span class='ocrx_word' id='word_1_105' title='bbox 585 1990 845 2062; x_wconf 82' lang='lat' dir='ltr'><strong>comparantem,</strong></span> <span class='ocrx_word' id='word_1_106' title='bbox 871 1999 954 2062; x_wconf 87' lang='lat' dir='ltr'><strong>quae</strong></span> <span class='ocrx_word' id='word_1_107' title='bbox 979 1979 1015 2041; x_wconf 93' lang='lat' dir='ltr'><strong>in</strong></span> <span class='ocrx_word' id='word_1_108' title='bbox 1034 1979 1100 2042; x_wconf 83' lang='lat' dir='ltr'><strong>vita</strong></span> <span class='ocrx_word' id='word_1_109' title='bbox 1122 1980 1249 2063; x_wconf 89' lang='lat' dir='ltr'><strong>assequi</strong></span> 
     </span>
     <span class='ocr_line' id='line_1_16' title="bbox 204 2091 1249 2170; baseline 0.001 -17"><span class='ocrx_word' id='word_1_110' title='bbox 204 2091 391 2168; x_wconf 85' lang='lat' dir='ltr'><strong>studuerat,</strong></span> <span class='ocrx_word' id='word_1_111' title='bbox 424 2091 479 2155; x_wconf 92' lang='lat' dir='ltr'><strong>sed</strong></span> <span class='ocrx_word' id='word_1_112' title='bbox 511 2091 654 2155; x_wconf 92' lang='lat' dir='ltr'><strong>nondum</strong></span> <span class='ocrx_word' id='word_1_113' title='bbox 685 2103 850 2155; x_wconf 86' lang='lat' dir='ltr'><strong>assecutus</strong></span> <span class='ocrx_word' id='word_1_114' title='bbox 879 2093 1004 2170; x_wconf 87' lang='lat' dir='ltr'><strong>fuerat,</strong></span> <span class='ocrx_word' id='word_1_115' title='bbox 1040 2114 1079 2155; x_wconf 88' lang='lat' dir='ltr'><strong>ac</strong></span> <span class='ocrx_word' id='word_1_116' title='bbox 1112 2093 1249 2155; x_wconf 90' lang='lat' dir='ltr'><strong>Deorum</strong></span> 
     </span>
     <span class='ocr_line' id='line_1_17' title="bbox 204 2203 1249 2290; baseline 0 -23"><span class='ocrx_word' id='word_1_117' title='bbox 204 2203 404 2290; x_wconf 86' lang='lat' dir='ltr'><strong>heroumque</strong></span> <span class='ocrx_word' id='word_1_118' title='bbox 434 2203 648 2269; x_wconf 84' lang='lat' dir='ltr'><strong>familiaritate</strong></span> <span class='ocrx_word' id='word_1_119' title='bbox 669 2205 709 2268; x_wconf 90' lang='lat' dir='ltr'><strong>ad</strong></span> <span class='ocrx_word' id='word_1_120' title='bbox 732 2205 880 2268; x_wconf 87' lang='lat' dir='ltr'><strong>sublimia</strong></span> <span class='ocrx_word' id='word_1_121' title='bbox 901 2227 1052 2290; x_wconf 91' lang='lat' dir='ltr'><strong>quaeque</strong></span> <span class='ocrx_word' id='word_1_122' title='bbox 1073 2206 1135 2269; x_wconf 91' lang='lat' dir='ltr'><strong>rite</strong></span> <span class='ocrx_word' id='word_1_123' title='bbox 1158 2205 1249 2268; x_wconf 82' lang='lat' dir='ltr'><strong>intel·</strong></span> 
     </span>
     <span class='ocr_line' id='line_1_18' title="bbox 204 2317 1249 2404; baseline 0.003 -26"><span class='ocrx_word' id='word_1_124' title='bbox 204 2317 334 2404; x_wconf 86' lang='lat' dir='ltr'><strong>ligenda</strong></span> <span class='ocrx_word' id='word_1_125' title='bbox 359 2330 516 2384; x_wconf 85' lang='lat' dir='ltr'><strong>evectum.</strong></span> <span class='ocrx_word' id='word_1_126' title='bbox 542 2320 631 2399; x_wconf 85' lang='lat' dir='ltr'><strong>Quae</strong></span> <span class='ocrx_word' id='word_1_127' title='bbox 656 2319 841 2396; x_wconf 86' lang='lat' dir='ltr'><strong>meditatio,</strong></span> <span class='ocrx_word' id='word_1_128' title='bbox 860 2340 924 2381; x_wconf 93' lang='lat' dir='ltr'><strong>non</strong></span> <span class='ocrx_word' id='word_1_129' title='bbox 947 2330 1072 2382; x_wconf 90' lang='lat' dir='ltr'><strong>tantum</strong></span> <span class='ocrx_word' id='word_1_130' title='bbox 1091 2319 1249 2404; x_wconf 84' lang='lat' dir='ltr'><strong>insignem</strong></span> 
     </span>
     <span class='ocr_line' id='line_1_19' title="bbox 136 2418 1250 2522; baseline 0.002 -29"><span class='ocrx_word' id='word_1_131' title='bbox 136 2418 139 2425; x_wconf 46' lang='grc'>’</span> <span class='ocrx_word' id='word_1_132' title='bbox 204 2432 237 2494; x_wconf 93' lang='lat' dir='ltr'><strong>in</strong></span> <span class='ocrx_word' id='word_1_133' title='bbox 257 2431 388 2496; x_wconf 91' lang='lat' dir='ltr'><strong>modum</strong></span> <span class='ocrx_word' id='word_1_134' title='bbox 418 2433 498 2496; x_wconf 89' lang='lat' dir='ltr'><strong>lenit</strong></span> <span class='ocrx_word' id='word_1_135' title='bbox 524 2455 562 2497; x_wconf 87' lang='lat' dir='ltr'><strong>ac</strong></span> <span class='ocrx_word' id='word_1_136' title='bbox 589 2434 726 2522; x_wconf 38' lang='lat' dir='ltr'><strong>mitigat·</strong></span> <span class='ocrx_word' id='word_1_137' title='bbox 742 2432 910 2510; x_wconf 90' lang='lat' dir='ltr'><strong>dolorem,</strong></span> <span class='ocrx_word' id='word_1_138' title='bbox 935 2453 1037 2517; x_wconf 90' lang='lat' dir='ltr'><strong>quum</strong></span> <span class='ocrx_word' id='word_1_139' title='bbox 1063 2455 1081 2495; x_wconf 85' lang='lat' dir='ltr'><strong>a</strong></span> <span class='ocrx_word' id='word_1_140' title='bbox 1105 2433 1250 2517; x_wconf 84' lang='lat' dir='ltr'><strong>tristibus</strong></span> 
     </span>
     <span class='ocr_line' id='line_1_20' title="bbox 203 2545 1250 2627; baseline 0 -19"><span class='ocrx_word' id='word_1_141' title='bbox 203 2545 244 2609; x_wconf 86' lang='lat' dir='ltr'><strong>ad</strong></span> <span class='ocrx_word' id='word_1_142' title='bbox 273 2545 360 2608; x_wconf 83' lang='lat' dir='ltr'><strong>laeta</strong></span> <span class='ocrx_word' id='word_1_143' title='bbox 382 2557 414 2608; x_wconf 88' lang='lat' dir='ltr'><strong>ct</strong></span> <span class='ocrx_word' id='word_1_144' title='bbox 430 2545 576 2627; x_wconf 86' lang='lat' dir='ltr'><strong>jucunda</strong></span> <span class='ocrx_word' id='word_1_145' title='bbox 601 2548 744 2610; x_wconf 87' lang='lat' dir='ltr'><strong>animum</strong></span> <span class='ocrx_word' id='word_1_146' title='bbox 770 2546 928 2623; x_wconf 86' lang='lat' dir='ltr'><strong>abducat,</strong></span> <span class='ocrx_word' id='word_1_147' title='bbox 963 2546 1018 2609; x_wconf 89' lang='lat' dir='ltr'><strong>sed</strong></span> <span class='ocrx_word' id='word_1_148' title='bbox 1045 2545 1129 2610; x_wconf 87' lang='lat' dir='ltr'><strong>hanc</strong></span> <span class='ocrx_word' id='word_1_149' title='bbox 1158 2547 1250 2609; x_wconf 83' lang='lat' dir='ltr'><strong>etiam</strong></span> 
     </span>
     <span class='ocr_line' id='line_1_21' title="bbox 204 2659 1248 2753; baseline 0.001 -31"><span class='ocrx_word' id='word_1_150' title='bbox 204 2659 302 2723; x_wconf 87' lang='lat' dir='ltr'><strong>babet</strong></span> <span class='ocrx_word' id='word_1_151' title='bbox 329 2661 410 2736; x_wconf 86' lang='lat' dir='ltr'><strong>vim,</strong></span> <span class='ocrx_word' id='word_1_152' title='bbox 434 2671 470 2722; x_wconf 93' lang='lat' dir='ltr'><strong>ut</strong></span> <span class='ocrx_word' id='word_1_153' title='bbox 492 2660 594 2745; x_wconf 85' lang='lat' dir='ltr'><strong>erigat</strong></span> <span class='ocrx_word' id='word_1_154' title='bbox 616 2659 766 2722; x_wconf 84' lang='lat' dir='ltr'><strong>demissos</strong></span> <span class='ocrx_word' id='word_1_155' title='bbox 793 2661 934 2745; x_wconf 86' lang='lat' dir='ltr'><strong>animos,</strong></span> <span class='ocrx_word' id='word_1_156' title='bbox 958 2660 1089 2753; x_wconf 87' lang='lat' dir='ltr'><strong>optimis</strong></span> <span class='ocrx_word' id='word_1_157' title='bbox 1109 2660 1248 2745; x_wconf 88' lang='lat' dir='ltr'><strong>quibus-</strong></span> 
     </span>
     <span class='ocr_line' id='line_1_22' title="bbox 203 2773 1250 2857; baseline 0.002 -23"><span class='ocrx_word' id='word_1_158' title='bbox 203 2793 271 2857; x_wconf 86' lang='lat' dir='ltr'><strong>que</strong></span> <span class='ocrx_word' id='word_1_159' title='bbox 300 2773 443 2835; x_wconf 88' lang='lat' dir='ltr'><strong>sensibus</strong></span> <span class='ocrx_word' id='word_1_160' title='bbox 474 2795 526 2836; x_wconf 91' lang='lat' dir='ltr'><strong>eos</strong></span> <span class='ocrx_word' id='word_1_161' title='bbox 553 2773 670 2838; x_wconf 88' lang='lat' dir='ltr'><strong>afficiat</strong></span> <span class='ocrx_word' id='word_1_162' title='bbox 693 2785 723 2836; x_wconf 86' lang='lat' dir='ltr'><strong>et</strong></span> <span class='ocrx_word' id='word_1_163' title='bbox 753 2775 888 2852; x_wconf 89' lang='lat' dir='ltr'><strong>excitet,</strong></span> <span class='ocrx_word' id='word_1_164' title='bbox 914 2784 949 2837; x_wconf 90' lang='lat' dir='ltr'><strong>ut</strong></span> <span class='ocrx_word' id='word_1_165' title='bbox 972 2774 1107 2838; x_wconf 87' lang='lat' dir='ltr'><strong>colenda</strong></span> <span class='ocrx_word' id='word_1_166' title='bbox 1131 2775 1250 2837; x_wconf 84' lang='lat' dir='ltr'><strong>virtuto</strong></span> 
     </span>
     <span class='ocr_line' id='line_1_23' title="bbox 204 2885 1207 2972; baseline 0.001 -24"><span class='ocrx_word' id='word_1_167' title='bbox 204 2896 238 2948; x_wconf 90' lang='lat' dir='ltr'><strong>et</strong></span> <span class='ocrx_word' id='word_1_168' title='bbox 256 2885 403 2969; x_wconf 84' lang='lat' dir='ltr'><strong>justitia,</strong></span> <span class='ocrx_word' id='word_1_169' title='bbox 427 2899 536 2971; x_wconf 88' lang='lat' dir='ltr'><strong>postea</strong></span> <span class='ocrx_word' id='word_1_170' title='bbox 569 2887 712 2950; x_wconf 89' lang='lat' dir='ltr'><strong>eiusdem</strong></span> <span class='ocrx_word' id='word_1_171' title='bbox 745 2887 906 2950; x_wconf 86' lang='lat' dir='ltr'><strong>felicitatis</strong></span> <span class='ocrx_word' id='word_1_172' title='bbox 928 2888 1005 2951; x_wconf 88' lang='lat' dir='ltr'><strong>fiant</strong></span> <span class='ocrx_word' id='word_1_173' title='bbox 1023 2888 1207 2972; x_wconf 86' lang='lat' dir='ltr'><strong>participes.</strong></span> 
     </span>
     <span class='ocr_line' id='line_1_24' title="bbox 250 3001 1250 3086; baseline -0.003 -19"><span class='ocrx_word' id='word_1_174' title='bbox 250 3001 488 3078; x_wconf 86' lang='lat' dir='ltr'><strong>Veruntamen,</strong></span> <span class='ocrx_word' id='word_1_175' title='bbox 502 3012 537 3064; x_wconf 91' lang='lat' dir='ltr'><strong>ut</strong></span> <span class='ocrx_word' id='word_1_176' title='bbox 548 3001 720 3064; x_wconf 84' lang='lat' dir='ltr'><strong>salutarem</strong></span> <span class='ocrx_word' id='word_1_177' title='bbox 732 3001 815 3064; x_wconf 87' lang='lat' dir='ltr'><strong>hano</strong></span> <span class='ocrx_word' id='word_1_178' title='bbox 829 3049 837 3079; x_wconf 92' lang='lat'><strong>,</strong></span> <span class='ocrx_word' id='word_1_179' title='bbox 863 3023 959 3086; x_wconf 85' lang='lat' dir='ltr'><strong>quam</strong></span> <span class='ocrx_word' id='word_1_180' title='bbox 971 3002 1130 3080; x_wconf 80' lang='lat' dir='ltr'><strong>diximus,</strong></span> <span class='ocrx_word' id='word_1_181' title='bbox 1144 3002 1209 3065; x_wconf 81' lang='lat' dir='ltr'><strong>vim</strong></span> <span class='ocrx_word' id='word_1_182' title='bbox 1219 3001 1250 3064; x_wconf 88' lang='lat' dir='ltr'><strong>in</strong></span> 
     </span>
    </p>
   </div>
   <div class='ocr_carea' id='block_1_3' title="bbox 205 3114 1248 3200">
    <p class='ocr_par' dir='ltr' id='par_1_3' title="bbox 205 3114 1248 3200">
     <span class='ocr_line' id='line_1_25' title="bbox 205 3114 1248 3200; baseline 0.001 -23"><span class='ocrx_word' id='word_1_183' title='bbox 205 3115 346 3200; x_wconf 85' lang='lat' dir='ltr'><strong>lugentis</strong></span> <span class='ocrx_word' id='word_1_184' title='bbox 368 3115 473 3180; x_wconf 84' lang='lat' dir='ltr'><strong>animo</strong></span> <span class='ocrx_word' id='word_1_185' title='bbox 493 3114 608 3178; x_wconf 87' lang='lat' dir='ltr'><strong>habeat</strong></span> <span class='ocrx_word' id='word_1_186' title='bbox 628 3114 683 3176; x_wconf 86' lang='lat' dir='ltr'><strong>illa</strong></span> <span class='ocrx_word' id='word_1_187' title='bbox 707 3115 901 3193; x_wconf 89' lang='lat' dir='ltr'><strong>consolatio,</strong></span> <span class='ocrx_word' id='word_1_188' title='bbox 925 3115 1021 3200; x_wconf 86' lang='lat' dir='ltr'><strong>plane</strong></span> <span class='ocrx_word' id='word_1_189' title='bbox 1039 3116 1100 3200; x_wconf 87' lang='lat' dir='ltr'><strong>ipsi</strong></span> <span class='ocrx_word' id='word_1_190' title='bbox 1120 3137 1248 3200; x_wconf 86' lang='lat' dir='ltr'><strong>persua-</strong></span> 
     </span>
    </p>
   </div>
   <div class='ocr_carea' id='block_1_4' title="bbox 205 3461 1252 4097">
    <p class='ocr_par' dir='ltr' id='par_1_4' title="bbox 205 3461 1252 4097">
     <span class='ocr_line' id='line_1_26' title="bbox 206 3461 1249 3551; baseline 0 -21"><span class='ocrx_word' id='word_1_191' title='bbox 206 3483 274 3532; x_wconf 84' lang='lat' dir='ltr'><strong>insst</strong></span> <span class='ocrx_word' id='word_1_192' title='bbox 299 3484 447 3548; x_wconf 68' lang='lat' dir='ltr'><strong>peregrinas</strong></span> <span class='ocrx_word' id='word_1_193' title='bbox 477 3484 605 3546; x_wconf 72' lang='lat' dir='ltr'><strong>regionis,</strong></span> <span class='ocrx_word' id='word_1_194' title='bbox 629 3500 706 3548; x_wconf 73' lang='lat' dir='ltr'><strong>quern</strong></span> <span class='ocrx_word' id='word_1_195' title='bbox 736 3483 830 3548; x_wconf 83' lang='lat' dir='ltr'><strong>aliquis</strong></span> <span class='ocrx_word' id='word_1_196' title='bbox 857 3490 978 3547; x_wconf 74' lang='lat' dir='ltr'><strong>tanquam</strong></span> <span class='ocrx_word' id='word_1_197' title='bbox 1010 3461 1102 3551; x_wconf 79' lang='lat' dir='ltr'><strong>bospss</strong></span> <span class='ocrx_word' id='word_1_198' title='bbox 1130 3484 1202 3546; x_wconf 79' lang='lat' dir='ltr'><strong>soit,</strong></span> <span class='ocrx_word' id='word_1_199' title='bbox 1225 3487 1249 3531; x_wconf 87' lang='lat' dir='ltr'><strong>et</strong></span> 
     </span>
     <span class='ocr_line' id='line_1_27' title="bbox 205 3577 1252 3642; baseline -0.002 -16"><span class='ocrx_word' id='word_1_200' title='bbox 205 3579 371 3641; x_wconf 85' lang='lat' dir='ltr'><strong>antiquorum</strong></span> <span class='ocrx_word' id='word_1_201' title='bbox 395 3594 425 3626; x_wconf 84' lang='lat' dir='ltr'><strong>ea</strong></span> <span class='ocrx_word' id='word_1_202' title='bbox 446 3578 496 3627; x_wconf 92' lang='lat' dir='ltr'><strong>fuit</strong></span> <span class='ocrx_word' id='word_1_203' title='bbox 515 3578 547 3626; x_wconf 89' lang='lat' dir='ltr'><strong>de</strong></span> <span class='ocrx_word' id='word_1_204' title='bbox 573 3579 657 3626; x_wconf 87' lang='lat' dir='ltr'><strong>animo</strong></span> <span class='ocrx_word' id='word_1_205' title='bbox 679 3580 821 3642; x_wconf 89' lang='lat' dir='ltr'><strong>sententia,</strong></span> <span class='ocrx_word' id='word_1_206' title='bbox 840 3579 964 3626; x_wconf 78' lang='lat' dir='ltr'><strong>exstitisse</strong></span> <span class='ocrx_word' id='word_1_207' title='bbox 987 3577 1061 3626; x_wconf 88' lang='lat' dir='ltr'><strong>illum</strong></span> <span class='ocrx_word' id='word_1_208' title='bbox 1084 3582 1160 3626; x_wconf 84' lang='lat' dir='ltr'><strong>antea</strong></span> <span class='ocrx_word' id='word_1_209' title='bbox 1174 3582 1202 3625; x_wconf 89' lang='lat' dir='ltr'><strong>et</strong></span> <span class='ocrx_word' id='word_1_210' title='bbox 1217 3577 1252 3624; x_wconf 83' lang='lat' dir='ltr'><strong>ri·</strong></span> 
     </span>
     <span class='ocr_line' id='line_1_28' title="bbox 207 3673 1250 3736; baseline -0.004 -15"><span class='ocrx_word' id='word_1_211' title='bbox 207 3673 270 3721; x_wconf 89' lang='lat' dir='ltr'><strong>xisse</strong></span> <span class='ocrx_word' id='word_1_212' title='bbox 285 3674 311 3720; x_wconf 90' lang='lat' dir='ltr'><strong>in</strong></span> <span class='ocrx_word' id='word_1_213' title='bbox 327 3673 482 3721; x_wconf 84' lang='lat' dir='ltr'><strong>coelestibus</strong></span> <span class='ocrx_word' id='word_1_214' title='bbox 500 3673 668 3736; x_wconf 76' lang='lat' dir='ltr'><strong>regionibus,</strong></span> <span class='ocrx_word' id='word_1_215' title='bbox 682 3674 750 3721; x_wconf 84' lang='lat' dir='ltr'><strong>unde</strong></span> <span class='ocrx_word' id='word_1_216' title='bbox 769 3673 869 3721; x_wconf 78' lang='lat' dir='ltr'><strong>delatus</strong></span> <span class='ocrx_word' id='word_1_217' title='bbox 895 3674 928 3720; x_wconf 89' lang='lat' dir='ltr'><strong>sit</strong></span> <span class='ocrx_word' id='word_1_218' title='bbox 946 3673 973 3720; x_wconf 82' lang='lat' dir='ltr'><strong>iu</strong></span> <span class='ocrx_word' id='word_1_219' title='bbox 989 3673 1056 3720; x_wconf 80' lang='lat' dir='ltr'><strong>bunc</strong></span> <span class='ocrx_word' id='word_1_220' title='bbox 1070 3677 1179 3733; x_wconf 76' lang='lat' dir='ltr'><strong>lemn,</strong></span> <span class='ocrx_word' id='word_1_221' title='bbox 1196 3684 1250 3718; x_wconf 77' lang='lat' dir='ltr'><strong>mox</strong></span> 
     </span>
     <span class='ocr_line' id='line_1_29' title="bbox 207 3765 1252 3831; baseline -0.001 -18"><span class='ocrx_word' id='word_1_222' title='bbox 207 3767 270 3815; x_wconf 86' lang='lat' dir='ltr'><strong>illue</strong></span> <span class='ocrx_word' id='word_1_223' title='bbox 289 3772 472 3831; x_wconf 86' lang='lat' dir='ltr'><strong>postmortem</strong></span> <span class='ocrx_word' id='word_1_224' title='bbox 493 3767 630 3820; x_wconf 87' lang='lat' dir='ltr'><strong>rediturus.</strong></span> <span class='ocrx_word' id='word_1_225' title='bbox 658 3767 732 3829; x_wconf 78' lang='lat' dir='ltr'><strong>Quod</strong></span> <span class='ocrx_word' id='word_1_226' title='bbox 747 3766 876 3830; x_wconf 86' lang='lat' dir='ltr'><strong>prseclare</strong></span> <span class='ocrx_word' id='word_1_227' title='bbox 898 3767 1021 3830; x_wconf 83' lang='lat' dir='ltr'><strong>expressit</strong></span> <span class='ocrx_word' id='word_1_228' title='bbox 1040 3765 1151 3828; x_wconf 85' lang='lat' dir='ltr'><strong>Cicero,</strong></span> <span class='ocrx_word' id='word_1_229' title='bbox 1179 3767 1252 3814; x_wconf 80' lang='lat' dir='ltr'><strong>Cato-</strong></span> 
     </span>
     <span class='ocr_line' id='line_1_30' title="bbox 207 3860 1250 3928; baseline -0.001 -21"><span class='ocrx_word' id='word_1_230' title='bbox 207 3876 266 3908; x_wconf 84' lang='lat' dir='ltr'><strong>nem</strong></span> <span class='ocrx_word' id='word_1_231' title='bbox 293 3862 422 3911; x_wconf 81' lang='lat' dir='ltr'><strong>dicentem</strong></span> <span class='ocrx_word' id='word_1_232' title='bbox 440 3861 552 3909; x_wconf 80' lang='lat' dir='ltr'><strong>taciens:</strong></span> <span class='ocrx_word' id='word_1_233' title='bbox 573 3862 617 3908; x_wconf 69' lang='lat' dir='ltr'><strong>Ec</strong></span> <span class='ocrx_word' id='word_1_234' title='bbox 639 3862 696 3907; x_wconf 67' lang='lat' dir='ltr'><strong>otto</strong></span> <span class='ocrx_word' id='word_1_235' title='bbox 720 3863 760 3908; x_wconf 83' lang='lat' dir='ltr'><strong>s&#39;to</strong></span> <span class='ocrx_word' id='word_1_236' title='bbox 780 3860 897 3923; x_wconf 75' lang='lat' dir='ltr'><strong>discedo,</strong></span> <span class='ocrx_word' id='word_1_237' title='bbox 922 3867 1043 3923; x_wconf 70' lang='lat' dir='ltr'><strong>tanqam</strong></span> <span class='ocrx_word' id='word_1_238' title='bbox 1067 3874 1099 3906; x_wconf 72' lang='lat' dir='ltr'><strong>es</strong></span> <span class='ocrx_word' id='word_1_239' title='bbox 1124 3860 1250 3928; x_wconf 71' lang='lat' dir='ltr'><strong>hospitio,</strong></span> 
     </span>
     <span class='ocr_line' id='line_1_31' title="bbox 208 3953 1250 4019; baseline -0.002 -18"><span class='ocrx_word' id='word_1_240' title='bbox 208 3971 256 4001; x_wconf 75' lang='lat' dir='ltr'><strong>usn</strong></span> <span class='ocrx_word' id='word_1_241' title='bbox 278 3962 399 4019; x_wconf 71' lang='lat' dir='ltr'><strong>tanqum</strong></span> <span class='ocrx_word' id='word_1_242' title='bbox 422 3971 453 4003; x_wconf 74' lang='lat' dir='ltr'><strong>ss</strong></span> <span class='ocrx_word' id='word_1_243' title='bbox 474 3956 552 4003; x_wconf 76' lang='lat' dir='ltr'><strong>domo.</strong></span> <span class='ocrx_word' id='word_1_244' title='bbox 584 3955 762 4005; x_wconf 69' lang='lat' dir='ltr'><strong>emon-se</strong></span> <span class='ocrx_word' id='word_1_245' title='bbox 776 3957 843 4002; x_wconf 72' lang='lat' dir='ltr'><strong>ssim</strong></span> <span class='ocrx_word' id='word_1_246' title='bbox 859 3961 954 4013; x_wconf 72' lang='lat' dir='ltr'><strong>sotere</strong></span> <span class='ocrx_word' id='word_1_247' title='bbox 971 3955 1148 4003; x_wconf 68' lang='lat' dir='ltr'><strong>dsssrsors&#39;osu</strong></span> <span class='ocrx_word' id='word_1_248' title='bbox 1162 3953 1250 4015; x_wconf 77' lang='lat' dir='ltr'><strong>scedis,</strong></span> 
     </span>
     <span class='ocr_line' id='line_1_32' title="bbox 206 4047 901 4097; baseline 0 -2"><span class='ocrx_word' id='word_1_249' title='bbox 206 4064 257 4096; x_wconf 71' lang='lat' dir='ltr'><strong>nos</strong></span> <span class='ocrx_word' id='word_1_250' title='bbox 275 4049 412 4096; x_wconf 79' lang='lat' dir='ltr'><strong>ltads&#39;tasds&#39;</strong></span> <span class='ocrx_word' id='word_1_251' title='bbox 432 4050 514 4096; x_wconf 70' lang='lat' dir='ltr'><strong>tom</strong></span> <span class='ocrx_word' id='word_1_252' title='bbox 537 4049 616 4096; x_wconf 75' lang='lat' dir='ltr'><strong>dedit.</strong></span> <span class='ocrx_word' id='word_1_253' title='bbox 636 4052 677 4096; x_wconf 79' lang='lat' dir='ltr'><strong>De</strong></span> <span class='ocrx_word' id='word_1_254' title='bbox 695 4051 793 4097; x_wconf 63' lang='lat' dir='ltr'><strong>Sauos.</strong></span> <span class='ocrx_word' id='word_1_255' title='bbox 812 4066 835 4095; x_wconf 88' lang='lat' dir='ltr'><strong>c.</strong></span> <span class='ocrx_word' id='word_1_256' title='bbox 859 4047 901 4096; x_wconf 74' lang='lat'><strong>23.</strong></span> 
     </span>
    </p>
   </div>
   <div class='ocr_carea' id='block_1_5' title="bbox 0 0 1329 4844">
    <p class='ocr_par' dir='ltr' id='par_1_5' title="bbox 0 0 1329 4844">
     <span class='ocr_line' id='line_1_33' title="bbox 0 0 1329 4844; baseline 0 0"><span class='ocrx_word' id='word_1_257' title='bbox 0 0 1329 4844; x_wconf 95' lang='lat' dir='ltr'><strong> </strong></span> 
     </span>
    </p>
   </div>
  </div>
 </body>
</html>
