2648 4844
695 340 757 402 160

206 534 268 590 tem
292 524 435 586 misereri
457 521 613 599 ostendit,
639 542 774 605 eamque
791 521 850 583 sibi
876 522 1131 585 benevolentiam
1156 547 1241 588 com·

205 648 316 724 parat,
353 659 416 722 qua
446 657 577 712 carere,
613 635 639 697 si
671 635 735 697 voti
769 654 898 718 compos
926 634 996 697 fieri
1024 637 1117 713 velit,
1141 624 1241 701 nullo

204 744 299 815 modo
323 759 437 834 potest.
478 748 615 833 Egregie
648 768 742 831 porro
768 746 848 810 haec
870 748 1025 811 virtutum
1048 761 1241 815 commemo-

205 865 285 929 ratio
318 866 422 941 valet,
453 874 489 925 ut
518 861 724 938 ostendatur,
750 862 774 923 si
797 873 867 946 post
886 873 1020 958 mortem
1035 863 1139 943 justos
1158 865 1240 928 viros

205 988 330 1042 maneat
356 977 512 1054 felicitas,
548 997 617 1038 eam
642 975 755 1037 amisso
789 976 926 1060 cognato
952 989 1152 1062 competere,
1186 979 1240 1063 qui

203 1112 329 1155 morum
339 1090 539 1174 integritate,
549 1089 668 1172 pietate
681 1137 689 1166 ‚
698 1087 821 1170 justitia
832 1110 865 1150 se
876 1090 1022 1153 omnihus
1035 1091 1238 1155 commenda-

203 1206 295 1269 verit.
320 1204 456 1268 Tantum
475 1203 575 1288 igitur
587 1203 692 1279 abest,
719 1214 754 1264 ut
777 1206 1035 1267 commemoratio
1045 1205 1102 1268 illa
1125 1219 1240 1292 augeat

202 1318 453 1404 aegritudinem,
477 1329 514 1381 ut
532 1317 637 1400 potius
665 1337 734 1378 eam
749 1314 888 1395 minuat,
911 1328 1007 1402 atque
1028 1319 1173 1382 animum
1191 1320 1240 1382 lu«

99 1508 105 1523 Ι
203 1433 306 1517 gentis
332 1430 370 1492 ad
398 1450 502 1492 veram
528 1429 776 1492 consolationem
795 1430 1012 1514 recipiendam
1032 1443 1145 1515 aptum
1169 1433 1237 1495 red·

202 1545 266 1609 dat.
307 1546 387 1607 Tum
407 1544 513 1620 enim,
535 1542 732 1604 carissimum
755 1553 918 1606 mortuum
940 1529 1061 1620 summu
1085 1545 1238 1609 felicitate

202 1659 345 1744 gaudere
376 1667 549 1740 reputans,
581 1654 753 1717 abstinebit
784 1678 802 1718 a
834 1656 973 1720 lacrimis
1006 1670 1038 1721 et
1069 1659 1185 1738 luctu,
1209 1671 1238 1722 et

200 1772 397 1836 adsentietur
409 1768 582 1834 Plutarcho
594 1816 602 1846 ‚
613 1768 748 1831 dicenti:
770 1757 879 1857 οὐδεὶς
900 1760 1027 1852 &patrm
1048 1760 1140 1848 ἄξιος
1155 1762 1238 1859 θρή-

199 1906 261 1948 νων
282 1873 347 1947 ἀλλ’
372 1874 477 1965 ὕμνων
498 1879 551 1943 καί
573 1877 724 1958 ἐπαίνων,
747 1871 824 1943 οὐδὲ
843 1876 1003 1959 πένθους,
1022 1871 1106 1944 data}
1117 1874 1239 1970 μνήμης

200 1987 364 2071 εὐκλεοῦς,
394 1986 471 2056 οὐδὲ
499 1980 645 2076 δακρύων
671 1980 859 2068 ἐπωδύνων,
883 1979 948 2052 ‹itt'
973 1981 1110 2055 ἀστείων
1133 1983 1238 2080 oinop-

199 2103 278 2185 χῶν,
303 2103 369 2186 elye
392 2091 410 2165 ὁ
432 2092 639 2187 μετηλλαχως
660 2089 832 2185 θειότερόν
852 2122 922 2163 τινα
942 2098 1016 2181 βίον
1029 2100 1236 2189 μετείληφεν,

200 2205 398 2297 ἀπαλλαγείς
424 2210 482 2297 τῆς
508 2209 568 2274 τοῦ
590 2200 741 2290 coporos
763 2208 914 2295 λατρείας
935 2209 1074 2274 καὶτῶν
1095 2202 1237 2299 ἀτρύτων

199 2323 290 2388 ἕνεκα
308 2313 428 2387 nomon
451 2318 636 2408 poweldon
655 2318 767 2383 τεκαὶ
789 2321 978 2407 συμφορῶν.
991 2319 1017 2410 1)

244 2438 298 2498 Est
329 2435 391 2497 alia
425 2434 520 2496 etiam
549 2432 745 2511 consolatio,
778 2452 862 2518 quae
899 2444 968 2498 tanr
995 2437 1035 2500 ad
1062 2436 1236 2502 sedandum
1291 2444 1292 2448 ’

197 2549 361 2626 dolorem,
394 2568 492 2632 quarn
521 2545 563 2608 ad
591 2545 779 2630 erigendum
807 2546 946 2631 lugentis
977 2551 1123 2614 animum
1149 2554 1235 2616 miri-

199 2664 259 2727 fice
286 2663 392 2740 -valet,
412 2680 477 2746 qua
494 2660 648 2736 docente,
682 2660 807 2737 omnia,
827 2682 909 2745 quae
929 2661 1049 2726 lrorninl
1072 2665 1233 2744 accident,

198 2774 339 2838 lleorurn
356 2796 421 2836 esse
429 2795 561 2836 munera
574 2823 582 2850 ,
594 2794 700 2857 neque
715 2773 838 2837 ideireo
850 2776 883 2836 in
894 2777 1062 2840 malisessc
1079 2779 1235 2845 habende.

197 2890 324 2954 Etenim
352 2909 457 2974 quum
481 2887 586 2950 divina
611 2887 812 2950 Providentia
837 2891 1010 2973 prospiciat
1037 2896 1148 2978 generi
1177 2895 1235 2958 hio

197 3022 291 3066 mano
304 3053 312 3081 ‚
327 3004 499 3086 ipsumque
527 2998 689 3062 hominem
712 3001 923 3093 inpraesidio
947 3024 1009 3066 suo·
1024 3016 1152 3085 tenens,
1171 3024 1240 3093 uper

199 3118 375 3202 largiatur,
407 3135 493 3198 quae
513 3113 541 3174 ei
565 3112 714 3195 prodesse
737 3114 836 3192 sciat,
872 3118 1004 3195 omnia,
1031 3136 1114 3204 quae
1147 3122 1242 3186 soffi-

198 3240 327 3314 praeter
349 3248 436 3311 spem
463 3225 626 3303 eveniant,
652 3247 714 3288 non
742 3239 896 3312 tanquam
921 3251 1014 3294 verae
1041 3235 1242 3300 calamitates>

200 3339 407 3350 ,..----

233 3383 259 3449 1)
295 3385 362 3433 l’lut.
388 3383 461 3435 coos,
486 3382 520 3429 od
542 3382 627 3450 Apoll.
654 3376 1014 3448 p.‘114‘11,p.122d.cs.
1035 3390 1086 3439 Cic.
1107 3392 1184 3442 Taso.
1206 3394 1234 3452 Q.

199 3481 218 3528 l'.
239 3477 279 3526 45.
301 3479 354 3527 Sed
365 3478 480 3542 profecto
491 3491 558 3523 mors
572 3482 624 3522 tum
642 3479 798 3540 aequissimo
806 3480 889 3526 onisco
906 3487 1049 3546 oppetitur,
1069 3500 1125 3532 corn
1138 3489 1197 3534 suti
1210 3503 1236 3535 se

197 3573 320 3622 leudibus
330 3575 387 3619 vito
396 3571 512 3618 occidens
525 3571 654 3617 emotum·
663 3578 756 3634 potest.
774 3574 906 3621 serentes
915 3574 932 3622 l.
947 3575 963 3626 l.
974 3593 998 3639 p.
1012 3575 1069 3626 162,
1090 3581 1239 3645 Quicmque

197 3685 215 3716 o
234 3667 296 3714 vicu
313 3682 343 3714 oo
353 3665 412 3713 tolle
428 3671 510 3726 sorte,
530 3679 578 3726 que
589 3680 619 3710 so
629 3667 775 3712 conscience
790 3681 821 3712 ne
837 3668 878 3713 lui
887 3676 951 3730 pent
963 3672 1113 3735 reprocltor,
1124 3677 1238 3737 qo’iloit

191 3763 293 3828 jamnis
308 3758 416 3822 monpud
431 3756 449 3804 d
461 3759 550 3804 soivro
560 3758 586 3804 lo
602 3765 692 3819 verto,
711 3759 736 3804 il
745 3774 774 3805 cn
786 3762 869 3820 rccoit
885 3777 933 3808 one
942 3765 1125 3829 satisfaction,
1138 3771 1185 3831 qui
1200 3775 1237 3816 est

197 3857 225 3901 si
239 3855 373 3921 puissonte
387 3867 455 3916 poor
474 3853 497 3898 le
512 3851 603 3898 rendre
619 3852 747 3914 beurene,
767 3869 815 3915 qao
833 3855 871 3901 les
881 3857 945 3918 ples
961 3859 1071 3905 molente
1087 3862 1175 3922 efforts
1193 3863 1237 3910 dos

195 3949 317 4015 passivas
338 3950 409 3994 n'ont
423 3947 525 4012 jamnia
543 3961 619 3991 assos
647 3945 677 3991 de
694 3929 802 4011 poovciir·
815 3963 882 4009 poor
897 3952 1010 3998 troubler
1027 3954 1053 4000 la
1072 3956 1236 4018 tronqm'lls'to'

197 4043 229 4088 dc
248 4057 292 4087 son
311 4036 371 4084 dora
