2648 4844
696 315 738 376 58

199 498 290 561 coelo
311 496 417 560 distat.
453 495 574 577 Quodsi
600 516 675 556 vero
704 496 805 578 ipsam
828 494 930 556 libelli
949 496 1107 557 rationem
1130 506 1162 558 et
1183 518 1238 558 ar-

199 623 350 698 gumenta
372 622 515 695 spectas,
537 608 657 695 quibus
679 620 898 693 aegrotantem
916 608 1097 672 Axiocbum
1119 609 1237 673 Socra-

200 738 246 788 tes
273 748 291 788 a
317 737 404 788 metu
434 724 543 787 mortis
571 735 683 785 avocat
712 735 744 786 et
773 724 978 799 consolatur,
1012 725 1169 787 nonnulla
1201 747 1235 787 er

198 839 359 904 Crantoris
391 837 431 901 de
463 839 555 901 luctu
588 838 671 900 libro
701 837 846 901 desumta
876 838 1035 921 reperies3
1081 839 1236 922 quocirca

168 962 175 975 “
198 951 451 1037 Wyttenbachio
472 953 618 1014 assentiri
640 974 704 1014 non
726 951 931 1027 dubitamus,
965 953 1021 1036 qui
1046 950 1145 1014 buius
1167 952 1237 1015 dia-

199 1068 265 1151 logi
286 1067 475 1151 scriptorem
497 1078 568 1151 post
589 1067 775 1130 Crantorem
793 1065 906 1128 vixisse
923 1087 1063 1150 eumque
1084 1079 1234 1129 secutum

199 1202 265 1244 esse
286 1192 405 1244 censet.
420 1178 445 1265 1)

673 1426 701 1506 ς.
726 1425 757 1485 e.

281 1613 481 1698 Cyrenaici,
504 1611 685 1698 Hegesiae,
708 1612 903 1696 Epicurus,
927 1613 1153 1679 Metrodorus.

240 1840 329 1902 Licet
350 1840 480 1901 minime
501 1837 580 1900 haec
602 1839 642 1899 sit
665 1849 771 1899 nostra
792 1838 826 1898 in
855 1835 916 1900 boc
944 1850 1136 1923 argumento
1157 1834 1236 1904 ‘tra-

196 1953 313 2017 ctando
336 1954 436 2031 ratio,
462 1963 499 2015 ut
520 1973 617 2037 quam
639 1952 784 2036 singulae
797 1949 1061 2035 pbilosophorum
1078 1964 1185 2015 sectae
1203 1955 1235 2015 in

196 2064 268 2130 loco
286 2067 326 2130 de
342 2067 559 2130 consolatione
577 2066 741 2149 posuerint
757 2087 898 2148 operam,
915 2086 1121 2148 exponamus,
1134 2088 1235 2151 quum

195 2180 229 2244 id
246 2202 323 2265 prae
340 2180 497 2243 librorum
514 2180 648 2263 penuria
666 2166 737 2242 fieri
753 2179 839 2243 haud
857 2181 973 2265 possit,
995 2183 1101 2264 ne'que
1120 2182 1236 2267 singu-

196 2297 245 2360 lae
265 2295 392 2359 scholae
409 2294 571 2379 propriam
593 2316 683 2357 suam
702 2294 886 2358 consolandi
905 2294 1235 2396 methodumkhabue-

196 2410 277 2488 rint;
296 2409 432 2473 dicenda
450 2420 557 2471 tamen
573 2407 627 2472 hic
644 2408 802 2492 quaedam
821 2409 970 2472 ridentur
987 2408 1027 2472 de
1041 2409 1234 2494 Cyrenaicis,

195 2544 276 2607 quos
298 2523 462 2607 peculiare
480 2522 559 2607 quid
577 2522 617 2585 de
634 2522 696 2586 hoc
714 2524 786 2587 loco
803 2523 1014 2606 praecepisse,
1034 2535 1170 2587 testatur
1181 2525 1235 2589 ci-

195 2658 281 2702 cero.
312 2637 351 2701 Et
370 2658 463 2715 vero,
484 2637 561 2700 siin
580 2657 692 2698 eorum
711 2635 945 2721 philosophiam
963 2637 1233 2722 inquisiverimus,

195 2750 268 2814 talis
295 2751 422 2812 omniuo
446 2772 482 2813 ea
503 2749 594 2812 nobis
616 2750 799 2826 videbitur,
830 2772 913 2836 quae
942 2750 1030 2841 hunc
1059 2753 1234 2835 praecipue

195 2865 305 2927 locum
327 2864 486 2948 explicare
508 2876 607 2949 atque
629 2865 663 2927 iu
690 2865 747 2928 illo
778 2867 866 2929 velut
895 2865 1040 2929 habitare
1072 2864 1232 2928 debuerit.

194 2979 274 3043 Nam
293 3000 397 3064 quum
413 2980 611 3063 voluptatem
629 2980 724 3041 unice
742 2979 863 3042 bouum
879 3001 916 3042 ac
935 2979 1114 3063 plurimum
1130 2979 1171 3042 ad
1191 2981 1234 3042 vi-

194 3103 258 3155 tam
287 3092 413 3154 beatam
434 3091 627 3169 facientem,
660 3091 805 3154 dolorem
823 3114 898 3155 vero
917 3094 1036 3156 malum
1055 3092 1232 3170 baberent,

194 3224 338 3288 quocum
360 3225 451 3266 nemo
473 3205 586 3267 beatus
609 3227 675 3268 esse
697 3218 823 3290 posset3
854 3206 937 3270 illud
959 3208 1132 3291 praecipue
1158 3209 1233 3292 ipsis

195 3329 265 3381 erat
284 3318 505 3402 spectandum,
527 3330 562 3382 ut
582 3320 668 3382 omni
687 3321 780 3384 luctu
798 3343 836 3384 ac
855 3320 966 3384 dolore
987 3343 1020 3383 se
1036 3322 1120 3405 ipsos
1140 3323 1233 3386 alios·

195 3453 259 3516 que
289 3431 474 3498 liberarent.
521 3434 713 3496 Paucissima
742 3446 849 3497 tamen
881 3434 921 3497 de
951 3457 1062 3499 eorum
1093 3435 1233 3519 philoso-

195 3545 314 3631 phandi
344 3546 466 3609 ratione
496 3559 712 3610 memorarunt
734 3549 878 3632 antiqui,
911 3569 948 3612 ac
975 3549 1035 3610 uisi
1062 3549 1184 3617 Cicero·
1200 3552 1233 3612 in
1261 3630 1264 3636 Ι

194 3660 382 3725 Tusculanis
401 3681 513 3723 eorum
534 3661 727 3723 mentionem
746 3661 883 3738 lecisset,
903 3663 1099 3726 nesciremus
1117 3663 1231 3747 plane,
1281 3735 1286 3747 Ι

196 3794 353 3857 quaenam
389 3773 532 3859 ipsorum
569 3774 602 3835 in
634 3773 828 3838 consolando
860 3775 969 3838 fuisset
1000 3778 1167 3843 sententia.
1202 3779 1232 3841 ls

231 4053 257 4117 1)
293 4056 429 4119 Wyttenb.
444 4062 531 4106 annot.
546 4058 577 4105 ud
593 4059 660 4108 Plut.
676 4059 748 4108 Coos.
765 4061 799 4107 od
813 4061 896 4122 Apoll.
913 4059 968 4109 Vol.
984 4060 1026 4110 Vl.
1040 4078 1065 4125 p.
1080 4061 1140 4111 699.
