2648 4844
711 249 753 357 r'o

215 475 568 559 convenirentdeque
587 473 724 537 multum
747 474 812 538 hue
830 475 907 537 facit
922 479 1157 561 argumentatio
1174 480 1253 546 Mei-

215 593 328 669 nersii,
352 591 408 676 qui
428 591 642 673 fragmentum
658 588 739 651 illud
760 589 904 674 spurium
923 589 1150 655 demonstrarit
1165 593 1255 675 ejus-

214 731 278 794 que
301 690 465 772 auctorem
485 701 721 788 Pythagoreum
733 703 879 788 negavit,
900 717 1091 789 argumento
1106 705 1183 769 inde
1196 730 1252 791 pc-

214 823 290 900 tito,
324 819 411 906 quod
443 818 498 881 ille
528 817 668 881 animum
698 817 874 889 humanum
904 818 1071 886 mortalem
1091 823 1250 888 statuerit.

213 913 307 1017 Quod
338 934 549 1020 probaturus,
573 930 800 1013 conjecturam.
812 933 971 997 invocavit
989 933 1091 1011 Galli,
1116 956 1181 1019 qua
1203 936 1252 999 lo-

214 1075 287 1116 cum
310 1047 486 1133 Hipparchi
504 1068 636 1130 prorsus
656 1045 805 1108 mutilum
827 1047 871 1108 ita
882 1048 1020 1125 sanavit,
1041 1051 1251 1115 utscxrerha

213 1188 250 1228 ex
283 1187 340 1241 suo
366 1162 496 1247 iugenio
517 1160 551 1222 in
573 1147 695 1222 textum
716 1161 891 1243 reciperet,
915 1183 978 1224 non
996 1163 1252 1228 animadvertens

214 1279 418 1360 conjecturae
440 1286 565 1339 tanturn
588 1274 686 1337 tribui
708 1295 771 1338 non
794 1296 902 1358 posse,
934 1287 969 1338 ut
995 1277 1070 1340 inde
1092 1252 1251 1343 sementia

213 1391 393 1478 philosophi
413 1389 602 1453 stabiliatur.
615 1385 639 1473 ¹)
665 1390 780 1473 ltaque
801 1391 862 1451 nisi
881 1392 953 1474 quis
976 1392 1106 1455 meliora
1128 1392 1251 1458 docue-

185 1514 190 1519 ’
214 1508 275 1586 rit,
301 1529 375 1570 cum
404 1503 674 1589 wyttenbachio,
698 1500 948 1587 Tiedemann02)
973 1506 1042 1569 aliis
1072 1509 1251 1592 genuinum

211 1615 290 1684 illud
310 1621 526 1704 fragmentum
553 1629 728 1685 statuemus
752 1618 891 1702 indeque
915 1619 955 1681 ad
979 1632 1119 1683 nostrum
1141 1621 1251 1689 locum

209 1735 422 1826 proficiemus.

203 1910 206 1922 ,
265 1850 341 1933 Agit
370 1858 477 1917 autem
505 1844 708 1928 Hipparchus
739 1846 772 1906 in
801 1846 980 1930 fragmento
1007 1847 1063 1910 illo
1095 1848 1135 1910 de
1158 1860 1251 1913 tran-

211 1962 372 2047 quillitate
390 1960 506 2036 animi,
541 1958 747 2047 quamnobis
767 1961 944 2042 comparari
969 1983 1059 2043 posse
1076 1962 1190 2040 docet,
1224 1965 1249 2026 si

211 2076 428 2140 brevissimam
445 2095 511 2136 esse
530 2074 626 2137 vitam
639 2094 714 2136 cum
725 2076 912 2136 aeternitate
924 2086 1156 2159 comparatam,
1169 2098 1251 2141 ean-

208 2189 350 2274 demque
367 2188 474 2251 multis
492 2186 726 2252 calamitatibus
753 2188 907 2273 repletam
931 2188 1249 2257 consideraverimus.
1299 2201 1318 2240 ’-

111 2332 114 2345 ·
210 2303 326 2367 Adesse
346 2304 430 2365 enim
451 2300 615 2385 complura
636 2303 778 2383 eorporis
798 2301 898 2378 mala,
925 2303 1050 2374 morbos
1071 2305 1173 2366 omnis
1191 2326 1250 2388 ge-

210 2418 294 2481 neris
323 2429 354 2480 et
375 2415 499 2479 infinito
518 2436 620 2499 paene
642 2435 790 2492 numero,
811 2416 953 2484 animum
973 2438 1067 2499 porro
1088 2417 1250 2501 eupidita-

212 2531 295 2593 tibus
325 2528 475 2605 distrahi,
518 2548 601 2614 quae
633 2526 673 2591 ad
692 2527 793 2610 impia
821 2549 859 2593 ac
880 2528 1011 2593 scelesta
1034 2531 1249 2615 perpetranda

244 2760 270 2826 1)
306 2763 413 2810 lleiners
429 2763 446 2810 l.
472 2763 490 2812 l.
514 2778 538 2825 p.
564 2760 616 2811 602
640 2764 799 2816 ηοῐ.,Ι,οοιιε
821 2763 958 2826 Hipparchi
975 2763 1043 2827 apud
1058 2764 1193 2813 stobaeum
1211 2766 1250 2823 sic

209 2857 365 2906 meetabet:
389 2843 417 2906 oi
438 2841 495 2928 γὰρ
518 2840 675 2926 ἄνθρωποι
697 2838 734 2905 vd
756 2841 848 2906 notat
870 2840 1177 2929 παρασκευαζόμενοι,
1207 2845 1250 2925 ὥς

210 2945 261 3010 οὐκ
284 2943 344 3009 ἔστι
367 2947 424 3030 ζῆν
444 2943 519 3027 μετα
545 2943 600 3008 adr
624 2947 677 3022 τᾶς
691 2946 801 3022 ζωᾶς,
812 2943 938 3030 χρόνον,
965 2942 1062 3020 dheora
1088 2945 1245 3030 γενέσθαι,

210 3046 404 3134 χρηαιιῖμεθα
420 3048 567 3134 παρουσίᾳ
583 3050 644 3109 τῶν
659 3046 786 3128 dyndima
800 3074 824 3111 κ.
834 3075 859 3111 τ.
869 3054 893 3110 λ.
912 3061 997 3109 Galius
1011 3067 1096 3110 autem
1113 3063 1139 3110 in
1152 3064 1247 3125 opusc.

210 3164 292 3226 Mytt.
308 3179 332 3226 p.
348 3161 399 3210 673
411 3164 445 3216 ita
455 3163 592 3223 legendum
607 3163 733 3225 conjecit:
758 3149 786 3212 ol
811 3147 868 3233 γάρ
896 3145 1054 3231 ἅαθρωποι
1086 3149 1123 3214 τί)
1150 3151 1249 3216 noller*

209 3249 511 3336 παρασκευαζόμενοι,
536 3249 577 3328 ὠς
594 3249 645 3313 orbe
660 3249 721 3313 ἔστι
739 3253 796 3335 ζῆν
809 3250 885 3332 μετα
900 3251 954 3317 τόν
969 3255 1023 3329 τᾶς
1037 3255 1119 3331 ζωᾶς
1132 3252 1249 3339 χρόνον

209 3353 261 3419 οὐκ
283 3351 513 3437 ἄναλογίζοιααι,
536 3355 598 3416 ἐπεὶ
621 3349 663 3417 nia
683 3357 771 3418 τοῦτο
795 3352 846 3417 oria
871 3351 963 3428 ἔξεστι
989 3353 1142 3438 γενέσθαι,
1164 3383 1249 3442 χρη-

209 3455 338 3538 σώμεθα
364 3483 389 3520 κ.
406 3463 430 3519 τ’.
447 3463 471 3520 λ.
494 3470 562 3518 unde
577 3474 820 3538 pateret‘anctorern
833 3470 966 3531 fragmenti
982 3471 1095 3518 animum
1104 3472 1248 3521 humanum
1314 3467 1318 3472 ¹

208 3564 325 3614 habuisse
338 3563 478 3612 mortalem.
498 3564 545 3611 Sed
561 3564 615 3626 pari
623 3563 693 3626 jure,
703 3543 816 3627 proldaltt
831 3549 1061 3634 ἅναλογίζονται,
1077 3567 1145 3628 quod
1158 3567 1250 3630 conje-

208 3659 280 3707 cturt
295 3659 429 3706 intextum
443 3657 541 3720 recepit
553 3657 648 3716 Gallus,
661 3657 745 3704 deleto
759 3657 883 3706 vocabulo
901 3643 964 3720 criu,
980 3659 1066 3720 legere
1079 3660 1159 3722 possis
1172 3643 1248 3710 ἄνα·

207 3741 378 3820 λογίζονται,
389 3752 500 3813 indeque
510 3751 620 3811 efficere,
628 3751 799 3814 Hipparchum
808 3752 885 3798 animi
894 3752 1109 3802 immortalitatem
1118 3754 1247 3805 docuisse.

242 3843 268 3906 2)
304 3843 437 3911 Wyttenb.
455 3845 481 3892 in
507 3861 557 3893 rec.
584 3845 667 3908 operis
685 3846 808 3893 Meinersii
832 3847 903 3893 Bibl.
928 3848 992 3894 erit.
1010 3848 1035 3894 Ρ.
1056 3848 1124 3896 Vlll.
1144 3863 1169 3910 p.
1193 3846 1247 3896 119

207 3946 260 3987 not.
286 3941 321 3986 Cf.
339 3940 409 3987 ldem
433 3939 464 3986 ad
479 3940 546 3987 Plut.
573 3940 644 3988 Corus.
660 3940 695 3987 ad
707 3941 790 4003 Apoll.
809 3941 864 3988 Vol.
883 3943 925 3988 Vl.
949 3958 973 4004 p.
993 3942 1053 3991 698.
1090 3942 1246 3990 'l'iedemann

209 4022 410 4081 Gmrchertlands
425 4039 492 4080 erate
508 4034 579 4081 Phil.
598 4050 622 4096 p.
642 4032 693 4081 206
711 4049 766 4101 sqq.
