2648 4844
695 320 757 387 108

201 505 304 582 sulas,
330 524 469 589 quaeso,
493 503 660 582 exsilium,
686 514 717 566 et
738 501 983 587 Xenophontem
1012 523 1050 566 ae
1080 502 1245 590 Thucydi·

202 617 276 681 dem
298 617 463 694 imitatus,
488 616 626 680 divertas
655 617 688 679 in
719 638 852 702 agrurn,
876 616 989 701 ibique
1018 617 1190 681 scribendo
1213 630 1244 682 et

203 730 458 816 philosophando
477 730 689 793 immortalem
709 730 767 793 tibi
788 751 952 814 compares
967 731 1101 810 samam,
1115 753 1180 795 non
1196 754 1256 828 re-¹

203 844 306 908 ditum
328 855 420 913 tunm
448 865 587 928 urgens,
614 865 715 928 quum
735 856 864 928 postea,
882 864 959 928 prae
977 853 1033 907 tna
1059 844 1093 906 in
1109 841 1246 910 dicendo

203 958 369 1036 libertate,
393 957 538 1042 graviora
554 957 620 1041 pati
640 978 757 1041 posses.
770 953 795 1042 ¹)

247 1073 294 1135 De
323 1070 432 1134 exsilio
465 1091 596 1157 quoque
624 1071 806 1135 Musonius
828 1070 1014 1155 praecepit,
1038 1082 1075 1134 ut
1100 1093 1139 1135 ex
1160 1072 1245 1159 frag·

174 1223 177 1227 ·
202 1196 310 1249 mento
339 1195 448 1269 patet,
472 1183 560 1269 quod
582 1183 736 1247 Stobaeus
756 1205 792 1247 cx
814 1184 882 1247 eius
901 1183 985 1247 libro
1008 1174 1060 1248 ὅτι
1086 1173 1128 1247 osi
1154 1175 1248 1248 κακόν

202 1289 332 1385 ἡφυγὴ
363 1296 546 1360 desumtum
581 1297 721 1362 exhibet.
735 1294 761 1383 ²)
803 1298 865 1361 Nos
887 1318 983 1377 vero,
1019 1307 1055 1360 ut
1086 1318 1183 1380 supra
1208 1295 1246 1360 de

203 1411 272 1474 eius
288 1411 371 1473 libro
394 1409 434 1473 de
456 1422 621 1475 senectute
649 1409 919 1497 significavimus,
949 1411 994 1475 ita
1022 1409 1085 1475 hoc
1115 1403 1246 1496 duoque

216 1624 420 1633 *-

203 1744 262 1793 sen.
287 1743 369 1808 pren·
393 1743 455 1791 nin
479 1738 636 1807 postulatus)
656 1744 700 1792 ans
717 1730 844 1814 ἀμείνων
858 1735 913 1797 τοῦ
926 1730 1119 1797 Καπιτωλλου
1130 1731 1247 1798 σωθέν-

202 1851 266 1903 τος,
289 1838 333 1886 alii
352 1852 440 1885 rursus
452 1822 573 1906 α’μύνων
583 1827 628 1912 τῷ
638 1826 833 1913 Καπιτωλίῳ,
857 1855 1011 1903 quamquam
1033 1839 1081 1886 hac
1106 1842 1247 1890 mutatione

202 1947 255 1980 non
277 1938 346 1981 totus
361 1930 434 1979 locus
449 1932 582 1982 restitutus
598 1931 706 1982 videtur.
734 1933 848 1982 Fortasse
863 1933 965 1997 scripsit
980 1932 1039 1981 llic:
1078 1916 1247 2001 dpcsivwv

202 2014 250 2099 τῷ,
261 2012 442 2098 Καπιτωλίῳ
460 2009 581 2093 ripam
593 2038 634 2077 ov
652 2011 728 2094 μετα
746 2016 841 2079 ταῦτα
861 2011 1024 2099 ἀπήλλαξεν
1029 2031 1078 2092 ,ut
1086 2024 1246 2077 librariorum

202 2117 329 2181 imperitia
351 2117 473 2165 exciderit
494 2133 542 2164 vex
566 2103 699 2186 α’μῦνων,
715 2124 820 2182 propter
830 2121 899 2168 vocis
914 2103 1031 2189 ἄμεινον
1046 2119 1245 2172 similitudinem.

203 2211 281 2275 Saepe
297 2211 366 2259 enim
383 2193 575 2272 ἅπαλλᾶττέιν
592 2213 751 2260 construitur
765 2228 824 2261 cum
839 2213 965 2264 adverbiis
989 2202 1105 2278 καλῶς,
1135 2207 1245 2281 κακῶς,

202 2292 289 2378 (idos,
302 2290 431 2374 βέλτιον,
449 2304 520 2367 aliis,
534 2320 557 2353 e.
568 2321 593 2367 g.
612 2306 676 2354 lien.
689 2307 779 2371 Cyrop.
795 2307 813 2355 1.
831 2307 873 2354 1v.
891 2305 922 2371 1,
939 2306 955 2355 5
970 2295 998 2358 oi
1005 2290 1165 2376 μάχεσθαι
1176 2293 1246 2362 s‘dd

203 2400 300 2471 λονττς
317 2395 410 2482 ῥᾷον
421 2390 749 2480 ἀπαλλάττουσιν,ἢ
757 2396 785 2459 oi
800 2393 853 2460 osis
865 2394 1027 2474 ἐθέλοντες.
1049 2408 1204 2461 Plutarchus
1222 2426 1244 2475 p.

202 2506 293 2557 821s.
312 2492 395 2577 οἶμαι
410 2492 437 2558 δ’
452 2493 488 2559 ἂν
502 2498 551 2560 καὶ
564 2493 618 2572 τοίς
638 2498 775 2578 μελίττας
796 2496 1035 2563 ἀπαλλάττειν
1054 2495 1215 2580 βέλτιον,
1224 2498 1245 2562 si

202 2593 273 2673 τούς
282 2595 447 2683 τρέφοντας
457 2595 647 2675 ἀσπάζεσθαι
659 2597 823 2682 ἐβούλοντο,
837 2614 882 2663 uhi
891 2613 1019 2674 significat
1030 2613 1246 2674 melimfortum

203 2705 252 2753 eti.
271 2704 307 2752 Cl.
323 2704 409 2768 Steph.
426 2705 500 2754 stes.
514 2705 544 2752 L.
561 2705 605 2753 Gr.
623 2721 648 2770 p.
662 2704 714 2754 348
723 2713 749 2754 et
763 2708 817 2756 Ast.
828 2709 891 2757 Len.
902 2706 969 2757 Pet.
980 2707 1037 2758 Vol.
1048 2707 1068 2756 1.
1087 2723 1113 2770 p.
1130 2703 1190 2755 210.
1208 2705 1244 2752 Sic

203 2811 307 2858 qunque
320 2797 412 2858 legisse
422 2797 523 2845 videtur
536 2797 659 2862 Aurisps‚
676 2805 792 2848 vertens:
812 2800 961 2864 recordare,
981 2805 1111 2866 quopacto
1122 2799 1245 2847 Camillos

203 2891 288 2955 exsul,
308 2891 464 2956 Capitolium
482 2892 605 2956 liberam,
620 2901 710 2959 postea
722 2910 816 2960 magere
832 2910 888 2942 cum
896 2896 986 2959 gloria
1001 2893 1221 2959 receptusfuers't.

245 2997 271 3065 1)
306 2982 414 3045 Καίτοι
431 2984 496 3059 πῶς
518 2981 575 3063 μὲν
599 2979 636 3045 osi
656 2981 766 3061 dcccciv,
797 2986 862 3061 πῶς
888 2981 988 3075 d‘losiu
1009 2980 1151 3067 αἰσχρδν,
1173 2981 1244 3046 ἄπο-

203 3093 364 3176 τμηθῆναί
384 3090 419 3156 τέ
444 3117 521 3168 τινος
542 3089 599 3176 τήν
614 3090 757 3177 κεφαλήν,
779 3095 830 3159 καὶ
851 3095 882 3171 ἔς
903 3092 959 3179 τήν
981 3091 1092 3179 a'yopdv
1106 3096 1244 3178 τεθῆναι·

203 3191 258 3259 κᾶν
275 3189 354 3257 οὕτω
372 3190 468 3281 τύχῃ,
484 3190 539 3256 κᾶν
558 3191 656 3280 ἄνδρα
674 3192 737 3260 τινα
757 3194 851 3285 αὐτῇ,
871 3193 925 3260 κᾶν
943 3202 1064 3279 γυναῖκα
1082 3196 1243 3281 ἐνυβρίσας

204 3301 272 3364 Quae
292 3300 368 3349 verba
382 3300 408 3348 in
425 3300 513 3364 primis
525 3301 713 3364 displicuerunt
729 3303 927 3368 interpretibus,
952 3303 1046 3365 quihus
1064 3303 1156 3351 mirum
1179 3305 1244 3353 vide·

204 3396 297 3458 batur,
318 3395 456 3443 Philiscum
475 3395 575 3457 singula
591 3396 654 3445 hnec
673 3397 820 3460 praedicere
846 3395 982 3461 Ciceroni,
1001 3413 1066 3461 quse
1086 3396 1180 3446 deinde
1199 3399 1244 3464 ipsi

203 3490 325 3539 eccidisse
340 3490 418 3538 refert
431 3489 477 3538 Dio
494 3488 562 3541 Gsss.
581 3490 600 3537 l.
619 3487 668 3553 47,
687 3507 712 3554 p.
730 3489 780 3539 331
800 3491 826 3540 C.
844 3492 873 3540 D.
902 3492 1014 3539 Fortasse
1030 3491 1093 3539 hseo
1107 3507 1121 3540 e
1134 3493 1245 3556 margins

203 3584 230 3633 in
249 3589 346 3633 textum
363 3583 495 3632 alibrsrio
504 3589 565 3632 sunt
578 3584 714 3648 traducta,
733 3601 813 3649 quum
831 3585 939 3650 Aurispu
954 3586 1045 3634 verba:
1060 3568 1114 3637 κᾶν
1123 3568 1204 3638 οὕτω
1214 3609 1244 3619 ·-

205 3660 356 3749 ἒνῦβρισαι
373 3677 400 3725 in
421 3678 536 3727 versione
557 3694 603 3728 sua
618 3695 670 3728 non
688 3680 833 3743 receperit,
857 3695 886 3728 sc
910 3679 1001 3742 legisse
1018 3680 1135 3729 videntur
1154 3667 1187 3730 ἒν
1207 3662 1246 3753 τῇ

204 3755 301 3846 α’γορᾷ
315 3759 472 3842 recluditur,
491 3776 611 3822 vertens:
631 3779 661 3821 at
678 3788 758 3821 nonne
776 3773 885 3836 durum,
904 3788 984 3822 nonne
1002 3781 1075 3838 turpe
1091 3775 1186 3838 orsique
1204 3787 1246 3820 cc-

200 3870 252 3928 put
267 3864 398 3926 omittere,
417 3871 493 3930 atquc
510 3867 608 3928 infero
625 3863 714 3917 mori?
731 3868 827 3932 Quibus
836 3869 941 3918 mutatis
947 3905 955 3933 ,
973 3868 1038 3918 nihil
1051 3872 1108 3932 est,
1127 3859 1196 3931 quod
1208 3865 1246 3915 ol·

205 3956 300 4005 lendnt.

240 4047 266 4113 2)
303 4049 371 4102 etot.
392 4054 461 4103 Flor.
480 4060 497 4103 t.
519 4053 566 4116 ll),
584 4054 609 4104 9.
