2648 4844
641 297 683 355 75

139 488 228 541 recte
258 477 329 559 quis
358 474 512 552 affirmet,
543 474 746 538 Posidonium
769 477 818 537 vel
845 477 1008 559 peculiare
1030 480 1179 543 volumen

141 590 354 673 composuisse
386 589 426 652 de
458 588 597 652 sedando
630 591 744 668 luctu,
780 591 829 652 vel
858 592 1107 654 consolationem
1139 592 1179 656 ad

139 705 283 788 aliquem
301 703 473 786 scripsisse.
489 699 513 787 ¹)
545 704 639 766 Liber
657 716 764 766 autem
784 704 850 766 eius
873 701 950 789 περὶ
968 703 1102 783 παθών,
1127 727 1179 768 ex-

140 817 243 900 ceptis
272 815 463 901 quibusdam
496 817 703 900 fragmentis,
739 839 821 901 quae
852 818 993 880 Galenus
1025 819 1179 895 servavit,

140 930 263 993 interiit
288 941 382 993 totus.
427 930 591 993 Refutavit
611 941 719 992 autem
738 931 770 991 in
797 952 835 993 co
858 930 1026 1015 Chrysippi
1053 942 1179 1011 senten·

140 1045 240 1129 tiam,
265 1064 328 1128 qna
357 1043 593 1127 aegritudinem
615 1044 823 1126 exopinione
846 1044 895 1105 vel
917 1065 955 1105 ex
976 1044 1073 1106 animi
1091 1043 1179 1106 infir·

141 1157 252 1220 mitatc
281 1155 356 1218 oriri
387 1154 531 1233 dixerat,
556 1157 735 1241 meliusque
762 1156 818 1218 illo
840 1157 1057 1240 quaestionem
1080 1156 1180 1239 expli-

141 1271 228 1347 cuit,
258 1290 358 1354 quare
386 1281 530 1352 tempore
561 1269 665 1332 sedari
694 1270 815 1332 soleant
841 1268 979 1333 dolores.
1023 1271 1181 1332 Reversus

140 1383 228 1446 enim
245 1382 286 1446 ad
298 1383 506 1468 antiquorum
522 1381 786 1466 pbilosophorum
802 1382 842 1446 de
861 1384 965 1447 animo
984 1382 1181 1462 doctrinam,

141 1497 283 1561 Platonis
314 1496 448 1558 maxime
478 1506 509 1557 et
539 1496 734 1573 Aristotelis,
770 1508 833 1558 tres
866 1498 989 1559 animae
1022 1498 1181 1562 statuebat

141 1631 209 1674 esso
232 1620 360 1694 partes,
386 1599 425 1670 ed
450 1599 697 1693 ἐπιθυμητικὸν,
723 1598 761 1669 sd
782 1605 959 1686 θυμοειδὲς
985 1606 1039 1670 καὶ
1064 1600 1102 1672 rd
1128 1608 1181 1672 λο-

139 1716 292 1804 γιστικόν,
326 1744 363 1785 ex
395 1721 512 1806 quibus
548 1732 581 1783 et
602 1718 880 1802 perturbationum
909 1719 1066 1803 originem
1088 1740 1179 1802 repe·

141 1833 270 1899 tendam
300 1847 331 1898 et
359 1833 579 1919 explicandam
608 1833 698 1896 illam
723 1832 941 1917 quaestionem
963 1831 1119 1895 ducebat:
1142 1822 1181 1896 ed

139 1944 248 2012 τοίνυν
267 1938 450 2032 παθηιικόν
470 1945 528 2030 τῆς
545 1945 667 2031 ψυχῆς,
689 1947 752 2022 ait,
777 1943 808 2008 ἐν
823 1943 872 2025 τῷ
887 1933 992 2029 χρόνῳ
1010 1943 1107 2006 τοῦτο
1125 1939 1183 2023 μὲν

141 2053 343 2139 ἐμπίπλαται
361 2056 426 2119 τῶν
447 2054 572 2120 odardo
587 2053 785 2138 ἐπιθυμέων,
801 2053 898 2119 τοῦτο
916 2050 953 2116 δὲ
977 2041 1089 2133 κάμνει
1111 2055 1184 2125 ταῖς

141 2164 373 2253 πολυχρονίαις
393 2157 565 2254 κινήσεσιν,
582 2159 667 2229 ὥστε
688 2158 743 2230 did
765 2156 867 2252 ἄμφω
895 2153 1184 2250 καθησυχάοαπος
1242 2243 1244 2248 .

143 2268 259 2357 αὐτοῦ,
280 2275 334 2340 καὶ
352 2275 471 2364 μέτριοι
484 2275 685 2360 κινουμένου,
706 2280 833 2364 κρατεῖν
849 2267 866 2340 ὁ
884 2266 1038 2359 λογισμός
1053 2265 1114 2361 ἤδη
1131 2270 1185 2336 δύ-

142 2408 250 2452 rorat·
279 2380 394 2475 ὥσπερ
424 2386 479 2451 καὶ
509 2384 616 2465 ἵππου
648 2379 734 2462 τινος
764 2377 908 2474 ἐκφόρου
939 2376 995 2448 τόν
1029 2375 1184 2471 ἐπιβάτην

143 2492 358 2582 ἐξενέγκονιος
376 2495 509 2578 βιαίως,
526 2487 595 2560 εἶτα
609 2486 781 2577 κᾶμνονιός
794 2519 831 2559 τε
847 2489 915 2578 ἅμα
930 2495 978 2581 τρῖ
994 2483 1107 2580 δρόμῳ
1129 2493 1184 2561 καὶ

143 2596 282 2693 πρόοειι
297 2605 351 2671 καὶ
365 2602 619 2690 &palaestina
634 2597 678 2669 ὦν
693 2597 914 2694 ἐπεθύμησεν,
931 2595 1013 2671 αὖθι
1027 2598 1184 2694 dialogor

143 2709 296 2805 ἐγκρατής
321 2716 544 2805 κατασιοίη.2)
590 2720 713 2783 lllitiora
739 2731 846 2783 autem
876 2719 1055 2805 quaedam,
1084 2742 1182 2805 quam

145 2830 263 2894 caeteri
281 2830 400 2908 Stoici,
425 2830 579 2911 docebat,
605 2855 709 2917 neque
731 2833 879 2895 virtutem
897 2835 958 2896 sibi
976 2835 1076 2918 ipsam
1096 2834 1182 2899 suffi-

146 2964 236 3023 cere,
260 2942 315 3007 scd
336 2965 429 3006 usum
451 2967 581 3030 quoque
604 2967 670 3007 esse
690 2946 831 3028 corporis
849 2945 1007 3008 bonorum
1026 2956 1057 3006 et
1078 2956 1183 3008 exter-

146 3078 261 3120 norum
291 3058 465 3122 contendit.
480 3055 505 3143 ³)
542 3060 627 3139 Quas
649 3080 724 3128 rero
743 3058 783 3121 ad
811 3056 965 3122 sedandos
984 3058 1109 3121 dolores
1127 3057 1183 3120 ad·

114 3154 121 3169 ⁸
146 3168 287 3235 bibuerit
317 3171 475 3248 rationes,
499 3173 682 3256 ignoramus
705 3172 820 3254 plane,
845 3171 900 3234 sed
927 3173 959 3233 in
981 3171 1030 3235 his
1053 3190 1183 3254 quoquc

147 3283 318 3366 praecipue
329 3285 494 3346 Platonem
513 3295 640 3347 secutus
660 3284 802 3361 videtur,
821 3286 911 3346 cuius
926 3281 1107 3368 θεραπείας
1121 3282 1185 3344 τῶν

148 3395 266 3457 ποθῶν
284 3417 357 3458 eum
384 3397 555 3460 admodum
578 3397 799 3479 comprobasse
816 3397 966 3460 aGaleno
980 3393 1144 3458 docemur.
1155 3388 1181 3474 ⁴)

181 3640 206 3706 1)
244 3642 282 3694 cl.
303 3645 394 3692 satius
410 3646 427 3695 l.
445 3646 461 3692 l.
479 3664 504 3712 p.
522 3645 579 3693 247.

181 3732 207 3799 2)
243 3737 353 3784 Galenus
372 3738 389 3785 l.
406 3738 423 3785 l.
440 3756 465 3804 p.
483 3738 533 3786 292
552 3740 624 3788 Basil.
646 3741 681 3805 (p.
699 3738 749 3786 475
770 3740 813 3788 Ed.
832 3736 918 3800 Kuhn)
947 3736 986 3788 Cf.
1005 3737 1037 3785 de
1057 3737 1105 3784 hoc
1128 3735 1184 3782 loco

151 3826 188 3879 Cl.
205 3831 297 3878 Bakius
316 3832 333 3878 l.
351 3832 368 3878 l.
385 3849 410 3898 p.
427 3831 486 3880 228,

182 3921 208 3987 3)
244 3925 315 3986 biog.
330 3927 410 3974 Ladrt.
426 3926 479 3975 Vll.
499 3924 556 3973 128.

182 4014 208 4080 r)
244 3999 354 4067 caterua
369 4020 385 4066 ι.
398 4021 414 4067 1.
432 4038 455 4082 p.
474 4018 526 4067 aas
540 4021 613 4067 asari.
629 4021 663 4084 (p.
682 4017 731 4068 sss
747 4021 791 4067 aa.
806 4018 900 4081 nunu).
