2648 4844
641 310 679 370 17

139 490 219 555 Cum
234 497 341 557 autem
359 486 440 552 haec
461 498 542 551 esset
563 487 632 559 eius
652 485 695 551 do
716 474 860 573 clavato
881 490 1058 565 sententia,
1082 489 1177 552 unice

140 624 210 669 eam
237 601 437 684 comparari,
466 601 492 667 ai
524 623 629 688 neque
654 604 774 669 laetitia
796 623 902 687 neque
929 601 1055 667 tristitia
1081 602 1177 666 nimia

118 704 120 707 ’
141 715 318 792 afficimur,
343 735 468 783 omnem
490 714 632 780 dolorem
649 730 681 782 et
700 719 825 781 luctum
845 715 988 778 funditus
1000 714 1177 778 tollendum

142 829 277 895 censuit.
302 828 385 893 Hinc
400 827 482 904 illud
499 828 566 892 eius
583 830 721 896 dictum:
746 816 1048 913 λύπηνᾶδέσιισισν
1069 826 1179 913 ψυχῆς

141 929 306 1026 ναρκώσης
331 937 476 1022 λογισμῷ
498 934 684 1036 ε”ιιιιρουεμγ
708 967 848 1031 cumque
870 947 973 1009 omnia
993 959 1080 1011 oerta
1098 968 1177 1031 qua-

141 1058 214 1124 dam
236 1059 424 1123 necessitate
450 1059 545 1138 fiant,
580 1061 731 1144 sapientis
762 1080 830 1122 esse
861 1081 924 1125 non
948 1060 1035 1123 inani
1062 1059 1178 1122 confici

141 1194 302 1250 moerore,
333 1172 389 1235 sed
412 1173 526 1236 cedere
548 1174 634 1236 ultro
656 1174 824 1236 fortunae:
853 1159 1017 1256 ἆλιιγισνίιγ
1039 1163 1083 1256 μή
1105 1169 1177 1253 ξυγ-

141 1263 274 1372 popleta
294 1288 382 1347 ταῖσι
403 1275 484 1346 moi
505 1283 577 1364 βίον
599 1275 755 1368 αναγκαῖς.
768 1281 795 1368 ²)
821 1285 880 1347 Eos
902 1292 1025 1360 atatem,
1049 1284 1106 1367 qui
1130 1285 1177 1346 vel

141 1398 201 1482 ipsi
219 1408 308 1460 metu
329 1397 438 1460 mortis
455 1396 697 1475 cruciabuntur,
722 1399 769 1460 vel
786 1397 1038 1461 necessariorum
1055 1397 1177 1460 obitum

141 1510 315 1596 lugebant,
338 1509 425 1573 hisce
450 1510 552 1572 verbis
572 1512 697 1595 erigere
720 1534 758 1574 ao
786 1511 943 1574 consolari
965 1510 1102 1574 solebat:
1133 1533 1179 1592 γι-

141 1611 289 1706 γνώσκειν
315 1619 418 1707 χρέων
444 1613 652 1707 ἅνθρωπίνιγν
677 1615 788 1708 βιοτὴν
820 1614 971 1708 &potamia
1001 1643 1038 1684 ιε
1065 1618 1180 1684 ἐοῦσαν

119 1731 193 1798 7ιιαὶ
214 1722 444 1819 ὄλιγμχρόνιον,
473 1729 616 1817 πολλῇσι
635 1753 672 1795 ιε
692 1730 794 1818 appol
820 1729 1095 1818 συμπεφυρμένην
1126 1730 1180 1794 καὶ

140 1835 343 1929 αμηχανίῃσι·
366 1835 449 1916 ὅκως
471 1833 510 1905 ἂν
530 1837 616 1927 teptis
636 1839 770 1929 μετρίας
784 1863 821 1905 σε
834 1832 963 1929 maioma
980 1838 1178 1927 ἐπιμελῆται,

140 1952 193 2023 καὶ
213 1953 370 2040 μετρῆσαι
391 1950 447 2018 ἐπὶ
459 1954 529 2025 τοῖς
548 1942 729 2036 ιἰναγιιαίσις
744 1944 763 2038 ἦ
777 1950 991 2039 σαλαιιιαιμίη.
999 1949 1024 2037 ³)
1039 1982 1071 1990 -
1082 1950 1180 2037 Διζη-

141 2061 266 2145 μένοισι
286 2055 347 2150 γαρ
369 2053 395 2127 τ’
409 2053 520 2147 ἁγαθαὶ
540 2053 634 2144 μόλις
655 2061 900 2150 παραγίγνεται,
921 2055 962 2129 ια
979 2059 1015 2127 δὲ
1030 2054 1111 2126 κακαὶ
1125 2064 1180 2127 καὶ

139 2167 183 2262 μή
205 2172 428 2261 διζημένοισιν.
442 2173 467 2262 ⁴)
504 2178 705 2262 Propoucbat
732 2177 855 2242 idcirco
876 2176 1061 2260 lugentibus
1083 2176 1179 2238 vitam

140 2288 358 2355 calamitatum
374 2289 518 2374 plenam,
542 2292 660 2376 quibus
672 2314 711 2353 ne
728 2293 800 2376 quis
816 2290 1060 2366 succumberet,
1073 2288 1179 2351 omni-

141 2400 205 2475 bus
228 2402 350 2475 viribus
380 2402 508 2467 studere
537 2403 695 2482 debebat,
729 2415 827 2487 atque
855 2402 928 2465 ideo
954 2412 1089 2465 mortem
1115 2423 1179 2467 non

141 2537 209 2596 csse
230 2515 422 2602 lugendam,
454 2518 576 2602 quippe
598 2539 681 2602 quae
708 2517 795 2581 hisce
817 2516 951 2582 miseriis
973 2537 1029 2579 nos
1051 2514 1177 2580 liberet.

141 2631 221 2694 Mors
238 2631 324 2695 enim
343 2652 379 2694 ex
396 2632 465 2695 eius
481 2633 637 2695 sententia
654 2654 716 2694 nou
734 2653 850 2715 corpus
862 2641 1004 2706 tantum,
1017 2628 1178 2692 sedetiam

141 2746 282 2817 animum
305 2745 495 2830 exstinguit3
524 2767 597 2808 nam
616 2767 691 2810 cum
713 2747 836 2808 animus
859 2764 895 2805 ex
915 2743 1026 2805 atomis
1048 2764 1177 2827 compo-

142 2859 221 2923 situs
243 2857 303 2936 sit,
326 2859 423 2925 atomi
443 2870 550 2921 autem
574 2859 689 2921 resolvi
717 2858 856 2942 possint,
883 2857 928 2919 ita
957 2876 1088 2940 quoque
1110 2858 1178 2919 ani-

142 2992 211 3037 mus
230 2972 451 3056 exstinguatur
480 2993 609 3056 prorsus
634 2982 680 3034 est
699 2965 875 3053 necessat)
911 2967 1049 3031 Ridebat
1078 2969 1177 3051 igitur

144 3176 347 3185 ——-—-

175 3285 201 3349 1)
228 3268 306 3337 atah.
320 3290 385 3338 Ibid.
400 3290 440 3337 tit.
456 3287 516 3352 108,
532 3287 574 3338 67.
599 3290 643 3337 Gll'.
663 3289 694 3336 de
709 3289 757 3337 hac
772 3289 827 3335 eiua
842 3288 957 3336 doctrina
975 3288 1088 3335 llruokcr
1107 3288 1177 3334 Hist.

143 3383 200 3430 orit.
218 3383 287 3447 ptuit.
302 3383 367 3432 Edit.
386 3385 417 3431 ll.
437 3385 463 3431 T.
478 3385 497 3431 l.
515 3399 571 3448 pag.
586 3381 661 3432 1198.
682 3383 790 3431 llcinem
804 3382 898 3429 Gasohs
914 3381 961 3428 dor
979 3382 1133 3428 Wiasoasolt.
1149 3383 1178 3427 ιἰι

144 3477 187 3524 ae.
210 3477 265 3526 aad
280 3479 350 3525 Rom.
370 3477 426 3526 Vol.
441 3478 460 3525 1.
481 3493 537 3541 pag.
556 3475 615 3525 728.
636 3478 809 3525 lafaiotlliaa.
826 3491 874 3523 sur
888 3477 915 3522 la
927 3475 992 3539 ptuit.
1005 3476 1176 3537 atomistiqua.

143 3571 195 3619 Par.
209 3569 279 3620 1883
294 3587 319 3636 p.
336 3570 395 3620 102.

176 3662 203 3726 2)
239 3666 308 3714 Stob.
330 3666 398 3714 Flac.
419 3663 596 3728 tit.108,ttt.
613 3666 648 3714 Cf.
669 3666 738 3714 Stob.
756 3667 814 3713 Eat.
835 3667 895 3713 cm.
916 3666 948 3712 ΙΙ,
968 3665 1000 3724 9,
1016 3663 1040 3710 5.

176 3756 203 3820 8)
238 3760 301 3808 lbid.
319 3761 359 3809 tit.
377 3759 427 3822 98,
445 3759 487 3808 85.

177 3849 202 3914 l)
238 3854 356 3902 lbid.tit.
373 3853 482 3917 98,’58.
1034 3911 1037 3916 ι

175 3944 203 4008 5)
237 3949 288 3996 cte.
312 3951 387 3996 Tuae.
414 3950 444 4007 Q.
469 3949 489 3996 Ι.
514 3947 555 3995 11.
585 3941 629 3994 Cff.
651 3948 689 3994 Fr.
717 3947 860 3995 ttoimsoath
884 3948 1026 3995 Democriti
1044 3946 1074 3993 do
1093 3948 1177 3992 animo

144 4040 275 4103 doctrina,
292 4044 370 4092 Bona.
390 4041 473 4104 1835,
490 4058 514 4106 p.
529 4041 546 4089 3
561 4057 616 4105 cqq.
634 4042 723 4089 Lusaist
741 4042 758 4088 l.
776 4041 792 4088 l.
812 4059 834 4105 p.
852 4040 893 4090 88.
