2648 4844
411 1421 794 1519 {munorum

91 1934 167 2010 Fuit
189 1945 270 2008 haec
293 1948 469 2007 communis
491 1947 696 2031 antiquorum
723 1947 763 2009 de
790 1949 852 2011 vita
884 1949 1022 2011 humana
1051 1967 1122 2012 sen⁴

92 2061 203 2136 tentia,
225 2080 294 2122 eam
316 2059 515 2122 miseriarum
538 2071 569 2122 et
588 2060 805 2124 calamitatum
824 2063 867 2124 ita
887 2083 953 2124 esso
975 2063 1120 2146 plenam,

92 2187 123 2237 ut
145 2172 385 2236 enumeratione
415 2173 499 2235 facta
526 2183 589 2235 tam
623 2174 780 2236 bonorum
813 2196 908 2259 quam
941 2176 1120 2252 malorum,

91 2309 170 2372 quae
192 2285 314 2371 homini
332 2285 364 2346 in
387 2285 450 2348 vita
472 2285 630 2363 accidant,
651 2286 731 2348 haec
749 2287 812 2348 illis
832 2288 927 2370 longe
947 2300 1050 2351 essent
1065 2311 1122 2351 su-

91 2403 224 2486 periora.
257 2397 483 2483 Res'piciebant
514 2400 662 2478 morbos,
696 2400 813 2484 quibus
843 2401 893 2461 rel
925 2401 985 2483 ipsi
1012 2399 1122 2463 afflicti

91 2527 177 2578 erant
200 2513 250 2575 vel
283 2514 475 2576 necessarios
509 2514 665 2576 cruciatos
687 2513 859 2590 videbant,
894 2515 1123 2577 enumerabant

89 2630 183 2692 animi
204 2628 470 2719 perturbationes,
491 2638 622 2704 metum,
642 2629 757 2689 mentis
776 2628 1022 2712 aegritudinem,
1046 2628 1122 2689 libi—

90 2742 197 2819 diues,
218 2742 335 2826 quibus
357 2742 429 2826 quis
458 2741 586 2824 placido
618 2742 724 2803 vivero
746 2743 869 2826 nequit,
894 2742 1122 2825 computabant
1201 2771 1203 2776 ⁸

91 2876 183 2938 porro
215 2866 321 2917 cetera
353 2855 435 2916 vitae
467 2855 662 2930 infortunia,
694 2854 856 2930 exsilium,
879 2867 1120 2938 paupertatem,

91 2971 290 3046 servitutem,
310 2969 523 3053 fortunaeque
554 2967 587 3028 in
616 2967 791 3030 ambiendis
813 2968 1051 3050 magistratibus
1073 2967 1122 3029 vel

91 3081 291 3164 perficiendis
324 3081 462 3144 consiliis
495 3082 664 3164 repulsam.
706 3082 796 3168 Quae
825 3098 927 3166 quum
963 3081 1002 3143 ad
1040 3081 1122 3143 male

92 3196 267 3279 misereque
286 3193 456 3257 vivendum
476 3195 548 3256 satis
560 3204 663 3255 essent
682 3195 800 3279 gravia,
821 3194 995 3257 accedebat
1016 3207 1122 3257 tamen

89 3309 185 3385 aliud,
210 3306 297 3393 quod
330 3308 379 3370 vel
400 3329 522 3384 unum,
551 3308 720 3392 quominus
753 3309 824 3392 quis
853 3307 997 3388 jucunde
1026 3308 1122 3369 vitam

89 3433 217 3506 ageret,
245 3419 448 3504 impediebat.
485 3420 631 3503 Angebat
662 3421 745 3482 enim
776 3422 879 3482 ferrea
906 3442 1007 3496 mors,
1039 3441 1122 3503 quae

91 3535 183 3597 nullis
205 3535 366 3617 precibus,
381 3534 475 3609 nullis
487 3533 649 3596 sacrificiis
668 3534 875 3616 placabatur,
899 3556 994 3619 quam
1015 3554 1122 3593 omnes

89 3649 195 3712 subire
214 3647 393 3725 debebant,
415 3669 532 3731 quam,
553 3646 656 3731 qualis
679 3666 788 3709 revera
809 3659 910 3723 esset,
932 3644 1122 3730 ignorabant

89 3761 193 3842 plane.
215 3760 356 3823 Instabat
377 3761 433 3823 illa
456 3760 542 3822 velut
562 3771 744 3842 spectrum,
769 3758 856 3844 quod
877 3758 954 3821 atris
975 3755 1132 3819 manibus-

88 3896 351 3960 unumquemque
393 3874 577 3958 arripiebat,
610 3873 793 3956 neminique
833 3894 967 3957 parcens
1004 3870 1120 3932 liberos

87 3987 192 4050 medio
222 3989 331 4052 aetatis
363 3988 440 4051 floro
469 3987 667 4070 parentibus,
696 3999 844 4069 parentes
876 3998 983 4049 autem
1012 3983 1121 4045 liberis

965 4103 980 4159 1
