2648 4844
649 341 713 425 15¹

139 520 316 595 librorum,
340 539 377 580 er
397 516 540 579 eiusdem
559 519 725 596 sententia,
750 539 831 582 unns
852 520 914 582 fuit
932 521 1103 606 lnscriptns
1126 513 1178 588 ου’-

139 622 224 697 εστσῗ
256 632 321 693 sive
353 631 472 693 bonnm
504 630 635 707 stabile,
671 631 727 715 qui
749 631 906 718 Thrasylli
927 643 1046 713 aetate,
1072 657 1090 698 e
1112 656 1178 721 quo

138 743 227 808 hunc
259 745 441 807 Democriti·
462 743 618 806 librorum
640 745 821 831 catalogum
840 745 994 810 desumsit
1014 749 1175 826 Laertius,

133 857 202 940 jam
231 859 379 942 perierat.
413 858 503 938 Quae
535 857 721 938 conjectura
739 859 815 922 inde
838 860 933 923 etium
955 861 1179 927 auctoritatem

138 973 274 1056 accipit,
309 971 414 1058 quod,
446 982 527 1035 testo
555 973 695 1050 Laertio,
719 973 918 1038 Democritus
941 965 1098 1059 εὐθυμίην
1113 977 1178 1039 sire

139 1087 242 1149 animi
255 1086 520 1170 tranquillitatem
544 1085 638 1148 finem
660 1098 692 1149 et
711 1107 869 1150 summum
888 1089 1008 1152 bonnm
1030 1089 1180 1153 babuerit

139 1221 276 1285 eamque
298 1199 391 1262 variis
408 1200 617 1284 appellaverit
640 1201 831 1266 nominibus.
848 1197 873 1287 ¹)
900 1202 990 1282 Quae
1013 1224 1113 1288 quum
1134 1205 1179 1268 ita

140 1314 219 1392 sint,
252 1313 338 1376 baud
369 1313 552 1377 absurdum
566 1314 696 1377 ridetnr
715 1326 871 1393 statuere,
905 1312 1124 1380 Democritum
1144 1318 1179 1380 iu

140 1427 253 1491 eodem
274 1449 391 1512 opere,
427 1439 462 1491 nt
483 1428 523 1491 ad
546 1449 652 1491 veram
674 1429 747 1514 quis
767 1429 952 1513 perterriret
968 1428 1158 1495 felicitatem
1167 1477 1179 1510 ,-

140 1552 311 1626 praecepta
338 1541 495 1626 quaedam
524 1541 672 1620 dedisse,
701 1543 818 1626 quibus
848 1543 1025 1628 legentium
1057 1545 1180 1609 animos

140 1666 251 1718 contra
281 1655 362 1718 vitae
393 1654 591 1718 calamitates
615 1656 804 1719 confirmare
824 1668 856 1720 et
874 1656 983 1719 luctus
1003 1658 1177 1722 acerbitate

141 1769 278 1832 liberare
300 1768 469 1833 studuerit.
493 1769 607 1831 Dicere
630 1769 715 1832 enim
729 1768 873 1860 solebat:
898 1759 1023 1854 ἰατρικὴ
1044 1765 1102 1849 μὲν
1113 1759 1179 1832 σώ-

139 1902 241 1964 ματος
269 1870 407 1953 νούσους
426 1871 573 1960 οἰκέεται,
603 1879 708 1968 σοφία
734 1879 772 1945 δὲ
798 1875 905 1970 ψυχὴν
932 1885 1054 1949 παθῶν
1080 1877 1178 1951 ἅπαι-

139 1997 290 2091 pe'snas.²)
309 1989 349 2068 ‘H
364 1998 500 2064 παιδεία
521 1993 693 2081 εὐτυχοῦσι
711 1998 770 2081 μὲν
790 1999 858 2066 ἐστι
871 1993 1006 2084 κόσμος,
1023 1996 1179 2087 σῖτυχσῦσι

139 2109 399 2206 δὲκαταφύγισυ·
423 2134 455 2186 et
475 2123 555 2186 haec
573 2135 641 2186 erat
662 2122 762 2207 ipsius
779 2123 819 2186 de
840 2125 922 2187 vitae
943 2126 1177 2190 calamitatibus

139 2239 311 2316 sententia,
346 2260 382 2301 ex
404 2236 516 2300 iisdem
539 2236 634 2299 rebus
657 2247 688 2297 et
709 2237 793 2300 bona
815 2248 846 2299 et
874 2238 956 2301 mala
973 2239 1067 2318 oriri,
1089 2239 1177 2324 quod

139 2352 276 2436 pulchra
304 2352 443 2436 imagine
474 2350 690 2413 adumbravit:
716 2336 772 2434 ἀφ’
797 2339 851 2427 ὦν,
873 2351 934 2429 ait,
953 2341 1026 2436 ἡμῖν
1046 2343 1178 2434 τάγαθά

138 2463 291 2549 ys'ynems,
315 2455 386 2527 ἀπὸ·
403 2462 478 2526 τῶν
488 2453 594 2525 αὐτῶν
613 2450 739 2525 τούτων
755 2458 809 2524 καὶ
821 2453 862 2524 τοὶ
875 2453 958 2526 κακοὶ
969 2459 1177 2550 inanescunt

138 2742 220 2788 eninm
237 2756 261 2787 c.
280 2738 321 2787 12.
355 2740 474 2787 llemorat
498 2755 601 2803 qnoque
617 2745 644 2788 et
660 2739 825 2803 reprehendit
846 2739 915 2788 illam
938 2739 1090 2789 sententiam
1109 2740 1177 2789 Plut.

139 2824 208 2904 napi
229 2821 378 2902 εὐθυμίας
400 2850 424 2898 p.
438 2832 497 2882 465.
509 2835 534 2881 G.
989 2885 993 2889 ,

173 2926 198 2990 1)
234 2928 305 2988 lliog.
332 2929 411 2976 Laert.
436 2927 479 2975 IX.
500 2924 535 2973 45
553 2925 621 2974 Stob.
651 2927 709 2974 Ecl.
736 2927 798 2974 nrt.
819 2927 837 2973 l.
858 2926 899 2997 ll,
924 2942 947 2974 c.
971 2926 996 2975 7.
1022 2928 1058 2975 Cf.
1076 2928 1175 2975 Heereu

140 3023 271 3070 Continent.
288 3022 392 3082 dssont.
413 3022 505 3085 Βοῖος.
526 3021 631 3067 Stobaoi
644 3020 671 3067 in
684 3019 745 3067 edit.
765 3035 808 3067 sua
825 3019 851 3065 D.
864 3019 897 3066 ΙΙ,
912 3019 939 3065 Τ.
956 3018 998 3078 ll,
1018 3034 1043 3081 p.
1054 3017 1120 3082 193,
1130 3020 1176 3082 qui

139 3116 275 3164 Democriti
287 3115 380 3163 librum
396 3099 549 3185 ὑπσθηκαὶ
558 3115 709 3178 inscriptum
722 3113 832 3161 eundem
845 3113 922 3160 luisse
934 3127 963 3160 sc
978 3097 1065 3183 κὲρας
1080 3098 1176 3180 ἄμαλ-

138 3198 225 3273 θείας
241 3214 322 3272 putat.
341 3240 373 3248 -
391 3208 497 3256 Fabricii
512 3209 663 3257 sententiam
679 3224 730 3256 non
747 3213 825 3255 totam
844 3207 973 3270 amplexus
990 3211 1029 3254 est
1047 3204 1176 3254 Burebard

140 3304 243 3368 angns.
258 3303 303 3350 der
317 3303 406 3350 Moral
417 3301 462 3349 cles
473 3302 653 3363 Demolssttos,
678 3317 702 3364 p.
721 3299 763 3363 17,
779 3302 824 3363 qui
840 3317 904 3364 opus
917 3301 1053 3349 Democriti
1068 3316 1120 3349 non
1136 3315 1178 3348 va·

139 3396 182 3444 riis
200 3396 272 3444 libris
290 3396 433 3444 constitisse
453 3396 608 3457 arbitratur,
633 3410 712 3459 quum
738 3411 813 3442 voces
835 3379 993 3464 ἅταραξίη,
1021 3378 1177 3464 α’θαμβιή,

138 3490 205 3538 idem
222 3491 276 3538 lere
294 3490 467 3551 significantes
481 3491 550 3553 quod
567 3473 688 3553 εὗεστώ,
705 3488 794 3535 titulos
806 3486 938 3549 librorum,
955 3487 1048 3551 quibus
1063 3485 1127 3534 aliae
1137 3501 1178 3534 res

138 3588 325 3645 tractarentur,
341 3584 453 3632 indicare
470 3584 581 3647 potuisse
598 3588 682 3644 negat.
701 3583 830 3643 Attamen,
841 3597 920 3643 quum
937 3565 1126 3648 stlvflvptlalate
1136 3592 1178 3640 pa-

138 3681 203 3740 teat,
222 3677 355 3740 multaque
372 3677 551 3740 requirantur,
569 3681 598 3723 nt
613 3676 824 3739 tranqnlllitatem
842 3674 919 3722 animi
938 3674 996 3735 quis
1011 3672 1059 3719 sibi
1077 3661 1177 3733 eompa-

139 3774 191 3831 ret,
210 3771 318 3832 singulis
333 3770 405 3818 libris
419 3770 519 3832 singula
538 3775 687 3834 praecepta,
706 3785 771 3832 qnae
786 3769 849 3815 illuc
869 3766 1059 3825 reserebantur,
1078 3763 1176 3812 dedisse
1202 3771 1205 3778 '

140 3863 254 3926 videtur,
271 3869 301 3911 ut
314 3864 364 3912 alio
379 3864 445 3912 libro
460 3863 491 3912 de
503 3863 613 3911 sedando
626 3863 715 3924 luctu,
728 3862 779 3910 alio
792 3862 823 3909 de
835 3859 987 3908 moderanda
999 3857 1111 3920 laetitia,
1126 3857 1177 3906 alio

139 3956 304 4020 defugiendo
320 3963 391 4005 metu
408 3964 436 4006 et
453 3959 489 4006 sic
508 3957 629 4019 deinceps
640 3962 748 4018 ageret..

174 4047 200 4112 2)
235 4052 312 4100 Clem.
326 4052 399 4101 Atax.
415 4052 490 4100 Daed.
506 4066 529 4098 e.
547 4048 581 4112 2„
598 4065 624 4113 p.
640 4047 699 4097 ton.
