2648 4844
636 359 675 420 91

139 535 194 598 sed
227 536 266 597 de
299 556 386 597 more
417 560 474 599 suo
504 539 619 601 acerbe
643 550 819 600 moerentes
848 548 878 598 et
903 558 1028 599 onmem
1056 537 1181 600 luctum

138 648 309 724 derideor,
342 649 467 711 nullum
490 651 593 734 aegris
615 651 732 712 ‘afferat
760 650 916 712 solatium.
958 649 1099 712 sartioni
1119 673 1180 712 au-

139 776 205 826 tem
233 763 397 846 epistolam
421 764 612 826 tricesimam
642 765 826 847 septimam,
862 786 925 847 qua
949 765 1109 826 Amerium
1139 763 1178 825 de

88 940 94 950 ,
141 878 248 940 uxoris
271 877 359 938 ohitn
395 877 595 955 consolatur,
627 877 800 941 Demetrii
829 876 972 959 quouii
1001 877 1040 938 de
1071 889 1180 939 conte-

141 990 277 1053 mnenda
302 1002 404 1052 morte
424 991 636 1075 opusculum,
661 973 864 1075 aliorumque
885 1012 1002 1074 opera,
1038 1012 1121 1074 quae
1140 990 1180 1053 ad

142 1104 204 1167 hoe
224 1115 448 1188 argumentum
467 1115 628 1188 spectant,
649 1116 816 1188 propterea
836 1125 899 1165 non
919 1105 1178 1181 memoravimuS,

142 1219 294 1304 quoniam
312 1219 405 1279 unice
417 1216 456 1279 de
468 1219 608 1302 antiquis
621 1219 752 1282 Graecis
764 1217 924 1302 agendum
936 1216 1121 1295 videbatur,
1142 1239 1181 1278 ne

142 1332 268 1416 longior
290 1332 469 1415 aperiretur
487 1330 684 1417 disquirendi
705 1354 846 1415 campus.
872 1330 990 1394 Eadem
1009 1331 1070 1393 fuit
1091 1352 1181 1393 caus-

141 1466 195 1522 sa,
220 1466 320 1529 quare
340 1444 506 1527 epistolam
529 1446 764 1530 nonagesimam
781 1444 965 1528 septimam,
990 1466 1072 1528 quae
1085 1443 1183 1506 Pta-

145 1558 274 1620 loridie
289 1558 416 1620 nomine
433 1559 552 1636 fertur,
573 1560 697 1621 silentio
714 1559 1002 1643 praetermisimus,
1014 1580 1114 1644 quum
1127 1558 1182 1620 illa

143 1682 356 1756 caeteraeque
376 1672 443 1734 eius
469 1672 621 1755 epistolae
643 1696 661 1735 a
680 1673 859 1734 recentiore
882 1671 1021 1756 quodam
1043 1671 1182 1755 sophista

143 1787 341 1869 conscriptae
375 1808 442 1848 esse
473 1786 666 1864 videantur,
713 1798 749 1849 ut
788 1785 912 1848 dudum
944 1786 1011 1867 jam
1041 1807 1182 1850 summus

142 1900 305 1962 Bentleius
328 1900 450 1965 docuit.
477 1901 523 1963 Ne
546 1911 651 1964 tamen
672 1901 744 1985 qnis
756 1901 924 1985 opinetur,
947 1900 1019 1962 illos
1038 1911 1181 1977 tantum,

143 2037 223 2101 quos
256 2016 497 2094 recensuimus,
533 2015 572 2077 de
606 2014 667 2077 hoc
700 2000 920 2098 philosophiae
956 2015 1026 2077 loco
1059 2015 1180 2099 egisse3

142 2130 313 2192 verisimile
334 2141 380 2192 est
403 2131 505 2208 enim,
534 2130 643 2214 plures
667 2129 744 2192 alios
773 2129 891 2208 fuisse,
924 2129 981 2214 qui
1010 2128 1049 2191 de
1071 2129 1182 2191 eodem

142 2255 352 2328 argumento,
391 2244 441 2305 vel
461 2243 619 2328 quaedam
641 2244 884 2327 praeceperint,
916 2245 965 2305 rel
997 2265 1092 2326 opera
1116 2243 1182 2327 epi-

143 2359 277 2421 stolasve
295 2357 496 2421 condiderint
519 2357 755 2422 consolatorias.
802 2356 897 2438 Quod
925 2379 962 2419 eo
984 2355 1182 2441 probabilius

142 2473 200 2551 fit,
226 2495 328 2559 quum
347 2472 432 2557 apud
448 2473 622 2536 Stobaeum
638 2473 670 2535 in
691 2471 848 2557 florilegio
865 2471 951 2535 haud
973 2493 1095 2556 paucae
1112 2494 1181 2534 sen-

142 2587 260 2649 tentiae
282 2588 484 2650 inveniantur
511 2586 717 2665 Hermarchi,
752 2585 988 2664 Hermoloehi,
1024 2585 1161 2649 Obrimt
1173 2635 1184 2664 ,

142 2700 299 2779 aliorum,
324 2723 407 2787 quae
430 2723 466 2764 er
490 2723 601 2764 eorum
623 2700 712 2763 libris
743 2700 981 2779 consolatoriis,
1005 2699 1100 2763 hodie
1127 2699 1184 2762 de·

143 2814 276 2898 perditis
298 2836 336 2878 ao
358 2837 397 2877 ne
419 2817 547 2879 nomine
570 2814 701 2900 quidem
735 2815 890 2899 cognitis,
921 2813 1085 2877 desumtae
1116 2835 1185 2877 esse

145 2929 323 2995 videantur.
