2648 4844
647 346 686 392 vu

146 515 205 599 plo
227 537 287 576 suo
306 511 520 596 moribusque
538 509 759 593 careslrmabat
779 532 818 572 ac
834 510 1099 587 commendabat,
1123 511 1184 596 qni

147 657 261 728 senice,
286 651 372 736 quid
391 673 528 726 certem,
553 649 638 735 quid
654 649 792 727 bonum,
815 648 901 734 quid
914 651 1058 733 justum
1082 663 1182 728 esset,

146 814 330 878 quaerens,
360 789 418 852 boc
434 791 526 851 ritae
540 810 621 851 suae
636 809 806 850 summum
832 785 970 850 ducebat
984 783 1113 869 finem,
1141 802 1181 852 ut

147 944 179 994 et
197 932 270 1013 ipss
286 928 409 991 coloret
426 930 608 1004 virtutem,
627 939 658 989 et
677 926 784 1003 alios,
805 928 865 1011 qui
881 928 994 1010 ipsius
1008 928 1182 989 commissi

146 1081 255 1130 essent
272 1089 389 1143 curae,
409 1065 456 1128 ad
472 1069 602 1149 optima
618 1087 765 1150 quaeque
781 1067 954 1128 incitaret.
986 1064 1076 1127 Hinc
1097 1087 1180 1150 quo-

149 1229 212 1291 que
224 1204 380 1290 factum,
400 1217 440 1267 ut
456 1203 591 1281 deinde,
618 1203 664 1266 ad
674 1203 850 1287 publicam
867 1205 905 1265 in
921 1207 1104 1288 gymnasio
1122 1203 1181 1268 bn·

147 1349 205 1407 ius
229 1343 327 1407 urbis
352 1344 611 1405 institutionem
635 1342 780 1419 delatos,
804 1344 966 1426 privatas
987 1341 1097 1407 simul
1121 1365 1180 1406 nos

147 1481 316 1545 Ebberi
332 1479 540 1564 disciplinae
557 1459 803 1544 committeret*
836 1480 942 1543 Cuius
957 1484 1085 1545 summi
1107 1484 1181 1546 oiri

147 1635 185 1685 ut
203 1618 445 1683 admirabatur
460 1622 591 1702 copiam
609 1618 783 1682 doctrinae
807 1622 1044 1705 egregiamque
1063 1620 1180 1683 docere-

146 1759 208 1821 dae
218 1761 421 1844 juventutis
432 1757 659 1843 facultatem,
689 1760 742 1820 ita
766 1757 905 1820 amabat
928 1780 1063 1821 morum
1089 1760 1179 1822 intc-

142 1900 335 1983 gritatsm,
367 1896 593 1980 probitatem,
624 1897 769 1980 pulobri
793 1896 988 1981 honestique
1013 1897 1178 1962 studium

147 2036 192 2098 In
209 2036 314 2098 buius
333 2048 447 2098 autem
463 2035 688 2119 disciplinam
713 2057 752 2096 ac
770 2034 957 2121 familiam
982 2035 1180 2115 traductae,

144 2173 218 2236 dici
235 2168 437 2257 oin'potest,
465 2187 630 2259 quantam
647 2173 725 2236 inde
746 2177 954 2257 perceperim
977 2175 1179 2238 utilitatem

144 2313 291 2375 Etenim
312 2313 510 2398 singularis
523 2312 627 2395 plane
648 2327 697 2376 est
713 2315 786 2374 riri
801 2316 909 2391 ratio,
928 2302 995 2398 qua
1002 2314 1180 2399 juveniles
1206 2325 1208 2329 ‘

144 2453 278 2513 animos
288 2449 403 2536 falsis
419 2451 635 2536 opinionibus
652 2451 816 2528 liberare,
833 2455 976 2535 optimis
986 2455 1181 2536 principiis

144 2590 294 2653 imbuere
315 2590 564 2675 literarumque
580 2588 701 2651 ardore
718 2590 810 2653 velut
827 2588 1044 2674 inflammare
1060 2592 1180 2657 soleat.

60 2780 66 2788 .
145 2727 353 2791 Praeclarae
383 2741 497 2791 autem
532 2727 612 2791 lenio
638 2731 861 2792 institutioni
882 2743 984 2816 atque
1013 2729 1181 2816 indefesso

147 2866 273 2945 labori,
301 2889 365 2952 quo
381 2865 544 2954 difficilia
562 2867 659 2929 nobis
676 2868 865 2951 explicare,
892 2882 923 2931 et
941 2892 1025 2955 quae
1047 2873 1120 2953 ipse
1140 2873 1179 2933 in

145 3005 298 3091 legendis
319 3009 476 3091 antiquis
493 3006 722 3090 scriptoribus
737 3009 899 3085 sentiret,
927 3029 1003 3070 cum
1022 3008 1177 3092 discipu-

146 3145 193 3207 lis
204 3148 450 3235 communieare
465 3145 607 3232 solebat,
623 3145 792 3208 accedebat
808 3150 973 3210 sermonis
987 3147 1177 3233 elegantia,

134 3282 340 3369 festivitas,
371 3288 515 3347 comitas
540 3307 580 3347 ae
608 3284 854 3363 benevolentia,
885 3301 925 3351 ut
947 3310 1011 3350 non
1037 3287 1178 3351 aliunde

142 3427 289 3502 uenisse,
312 3424 370 3487 sed
385 3423 431 3486 ad
451 3427 565 3507 ipsius
580 3423 767 3510 familiam
781 3429 957 3509 pertinere
974 3425 1174 3490 videremur.

143 3559 197 3625 Ab
222 3585 256 3624 eo
282 3565 401 3648 igitur
427 3566 636 3649 eaeterisque
654 3565 867 3648 praeclaris,
892 3588 1036 3651 quorum
1060 3567 1176 3628 lectio-

141 3674 242 3764 nibus
261 3704 300 3762 in
318 3706 500 3787 gymnasio
524 3706 687 3766 interesse
709 3705 799 3766 mibi
827 3705 946 3782 licuit,
973 3706 1174 3789 magistris,

141 3838 335 3902 studiorum
359 3864 442 3924 quae
461 3842 506 3903 ad
525 3842 774 3906 humanitatem
792 3857 945 3925 spectant
966 3847 1084 3928 prima
1108 3844 1142 3907 el
1156 3882 1174 3893 ·

140 3991 253 4041 menta
273 3983 385 4061 accepi
395 4006 406 4043 .·
436 3979 493 4043 sed
508 3980 570 4042 ille
580 3980 678 4064 s'uit,
705 3985 766 4066 qui
779 3987 923 4067 privata
941 4008 1002 4048 sua
1021 3986 1171 4048 institu-
