2648 4844
663 329 726 389 150

179 512 237 574 sibi
256 513 323 594 ipse
344 509 442 593 possit
467 508 633 593 praebere.
662 500 697 572 “0
723 493 779 569 οὖν
805 502 932 584 μέλλεις
960 502 1007 584 roi
1031 489 1136 586 χρόνῳ
1161 524 1220 580 χιι-

179 621 346 710 ιιίζεσθιιι,
375 623 419 686 ait
447 620 661 698 Plutarchus,
693 615 790 680 τοῦτο
817 615 865 697 aqi
893 602 978 696 λόγῳ
1006 601 1140 696 χάρισαι
1168 609 1221 673 καὶ

177 733 218 819 τῇ
239 733 383 818 παιδείᾳ,
404 732 457 796 καὶ
481 724 616 797 σεαυτὸν
635 725 764 794 §stauai
778 725 843 790 soie
860 724 972 787 κακῶν.
985 721 1010 809 ¹)
1036 724 1119 786 Hinc
1138 723 1220 786 item

177 846 303 931 lugenti
325 846 359 907 in
379 847 564 909 memoriam
587 846 780 909 revocabant
798 860 979 916 sermones,
1012 837 1131 923 quibus
1151 837 1219 920 ipse

178 959 255 1022 alios
268 1007 277 1036 ,
297 960 330 1021 in
349 959 460 1022 eadem
483 959 662 1023 calamitate
675 966 852 1032 versantes,
872 953 1031 1016 allocutus
1044 961 1123 1014 erat.
1136 950 1221 1012 Hinc

177 1071 233 1134 illa
253 1072 386 1156 Sulpicii
406 1071 446 1134 ad
468 1073 654 1136 Ciceronem
678 1071 792 1134 verba:
820 1067 895 1130 noli
924 1079 954 1129 te
981 1064 1140 1126 oblivisci
1163 1062 1222 1125 Ci-

179 1157 327 1248 eeronim
346 1209 431 1264 ease,
450 1199 480 1249 et
495 1208 587 1265 eum,
603 1188 664 1271 qui
678 1186 765 1247 aliie
784 1184 957 1245 consueris
970 1180 1172 1263 praecipere
1190 1190 1220 1240 et

127 1360 130 1366 .
178 1298 260 1361 dare
283 1297 520 1385 canitiem)
557 1321 640 1385 quae
659 1298 745 1362 haud
767 1299 833 1360 scio
852 1318 895 1369 an
913 1294 1088 1378 plurimum
1111 1291 1219 1354 value-

178 1413 261 1489 rint,
284 1412 323 1474 ad
350 1410 519 1475 sedandam
548 1414 615 1474 eius
643 1411 682 1473 de
713 1412 802 1474 obitu
825 1407 949 1472 Tulliae
970 1404 1218 1491 aegritudinem.

82 1573 88 1586 ,
178 1526 250 1587 Fert
269 1526 354 1587 enim
372 1524 433 1588 hoc
453 1536 567 1588 natura
584 1525 743 1603 humana,
764 1535 801 1587 ut
818 1525 849 1586 in
867 1522 937 1586 aliis
957 1519 1090 1606 quidem
1110 1518 1219 1581 admo-

179 1637 290 1700 nendis
313 1649 344 1700 et
367 1638 526 1723 erigendis
538 1640 635 1702 sortes
647 1639 761 1716 simus;
783 1659 884 1723 quum
895 1647 1001 1699 tamen
1011 1633 1072 1718 ipsi
1085 1632 1220 1695 calami-

177 1762 241 1813 tate
261 1751 603 1836 quadamaffioiamur,
626 1754 778 1816 continuo
795 1751 935 1814 animum
954 1745 1218 1832 despondeamus.

179 1865 292 1949 ltaque
315 1846 513 1950 eopertinet
534 1866 590 1929 illa
605 1865 863 1929 commemoratio
880 1883 1081 1940 sermonum,
1101 1859 1219 1946 quibus

177 1976 255 2039 alios
271 1999 379 2041 sumus
404 1979 574 2055 consolati,
604 1991 639 2042 ut
661 1980 742 2042 ratio
765 1990 872 2041 nostra
890 1977 1106 2061 principatum
1125 1996 1219 2037 recu·

177 2101 285 2174 peret,
315 2080 411 2176 atque
434 2093 544 2155 iisdem
567 2073 741 2156 rationibus
761 2094 821 2177 ipsi
843 2102 987 2155 nostrum
1006 2090 1152 2154 dolorem
1168 2095 1218 2156 le-

177 2204 318 2282 niamus,
340 2226 418 2290 quas
437 2216 530 2269 antea
547 2208 581 2269 in
597 2207 666 2270 aliis
686 2205 938 2270 adhibuerimus.

221 2318 333 2403 Neque
356 2330 461 2381 tamen
483 2319 536 2383 hic
561 2320 702 2383 subsistit
729 2320 870 2382 officium
891 2319 1094 2393 consolantis.
1118 2321 1217 2400 Nam,

179 2398 495 2517 etiamsi'opiniones
528 2455 635 2496 omnes
664 2455 701 2496 ex
729 2434 867 2518 lugentis
898 2434 1002 2495 animo
1033 2436 1216 2514 sustulerit,

177 2554 274 2628 atque
296 2546 339 2607 ita
360 2567 433 2608 eum
455 2569 473 2609 a
498 2547 595 2608 nimio
622 2547 714 2610 luctu
746 2547 943 2626 avocaverit3
976 2549 1084 2610 manet
1112 2560 1217 2613 tamen

114 2727 117 2731 ἵ
143 2642 144 2646 ¹
178 2658 331 2720 naturalis
350 2659 406 2721 ille
426 2679 534 2733 sensus
556 2658 696 2738 doloris,
730 2681 767 2722 ac
790 2659 985 2723 desiderium
1007 2650 1089 2724 illud
1112 2665 1216 2742 amissi

178 2768 273 2847 boni,
299 2791 382 2855 quae
402 2793 530 2855 prorsus
546 2772 666 2862 auferri
689 2785 866 2859 nequeunt.
898 2775 998 2836 Recte
1010 2774 1094 2868 enim
1105 2777 1216 2862 Hype-

179 2882 279 2946 rides:
294 2872 336 2943 τά
351 2873 412 2969 peip
429 2881 550 2970 πένθη,
568 2888 623 2965 ait,
640 2877 715 2948 oilae
727 2876 828 2969 λόγῳ,
841 2875 916 2949 οὔτε
928 2874 1015 2967 νόμῳ
1027 2885 1215 2966 κοιμίζεται·

177 2983 243 3056 itt'
268 2985 287 3082 ἦ
311 2985 412 3083 φύσις
433 2986 568 3062 ἑκάστου
578 2996 737 3084 scalpella
747 2989 833 3084 πρὸς
842 2989 897 3061 τόν
906 2992 1138 3082 satanicam
1148 2990 1217 3084 ὁρι-
1286 3012 1288 3017 ’

211 3298 237 3364 1)
272 3302 339 3352 Plut.
358 3302 430 3352 eona.
450 3303 484 3350 od
501 3302 584 3370 Apoll.
604 3322 627 3369 p.
648 3304 698 3355 112
713 3307 738 3355 C.
758 3307 793 3355 Cf.
817 3307 866 3355 Cic.
893 3309 979 3370 Epist.
1000 3308 1033 3355 od
1049 3308 1111 3356 Dio.
1135 3307 1152 3356 l.
1173 3307 1214 3355 tv,

175 3394 254 3460 spe,
274 3396 292 3443 l.
308 3395 337 3446 V.
354 3397 398 3460 Ep.
413 3376 455 3444 16.
474 3398 559 3459 Epist.
579 3398 614 3445 od
629 3399 683 3447 Ata
703 3399 721 3447 l.
740 3399 795 3447 ΧΠ.
807 3401 850 3462 Ep.
864 3399 911 3462 to,
931 3401 989 3448 ubi:
1011 3400 1215 3448 Consolationem

174 3491 270 3538 multoe
298 3491 370 3552 vioe,
398 3490 444 3536 sed
466 3491 516 3538 ilio
540 3495 703 3540 rectissimo:
722 3495 843 3557 impetret
856 3497 925 3542 ratio
940 3496 1006 3558 quod
1024 3495 1082 3543 dies
1096 3497 1221 3558 impure

174 3591 233 3631 turo
253 3590 297 3632 est.
1090 3612 1096 3622 x
1136 3622 1141 3634 .

209 3677 234 3741 2)
272 3677 325 3730 Cic.
352 3680 438 3742 Epist.
463 3678 498 3726 od
515 3681 577 3727 Dio.
598 3680 615 3729 l.
638 3679 679 3729 lV.
698 3682 743 3746 Ep.
763 3679 787 3726 5.
817 3682 894 3744 Quam
911 3686 997 3730 autem
1013 3683 1063 3729 vim
1079 3683 1142 3731 haee
1161 3683 1216 3731 Sul·

174 3772 234 3837 picii
253 3773 328 3820 verba
346 3772 501 3835 habuerint,
519 3774 572 3838 ipse
583 3775 700 3836 sequenti
711 3775 816 3838 epistola
828 3777 981 3838 significavit
991 3778 1077 3824 Cicero
1089 3813 1096 3838 ,
1111 3776 1212 3824 diceus:

174 3865 217 3911 Me
234 3872 317 3912 eutem
336 3881 385 3912 non
404 3868 487 3914 oratio
505 3873 548 3913 tuo
569 3868 666 3929 solum,
692 3872 717 3913 et
734 3870 844 3916 societas
858 3885 940 3933 poene
958 3870 1150 3934 aegritudinis,
1169 3869 1216 3918 sed

174 3959 250 4004 etiam
266 3961 409 4006 auctoritas
430 3959 582 4008 consoletur.
616 3959 695 4023 Turpe
717 3963 783 4008 enim
798 3978 852 4009 esse
871 3965 1003 4025 existimo,
1022 3979 1061 4010 me
1082 3978 1131 4010 non
1138 3963 1216 4024 ferre

174 4066 259 4098 cesum
272 4066 368 4114 merem,
388 4058 419 4098 et
434 4058 476 4115 tu,
496 4055 547 4100 toli
561 4055 692 4116 sapientia
701 4045 855 4119 praeditus,
867 4058 1006 4117 ferendum
1016 4063 1104 4124 putes.
