2648 4844
640 332 681 394 to

141 512 339 577 carnassensi
361 509 470 594 aliquo
498 509 591 577 modo
613 511 810 575 satisfactum
829 519 894 587 est,
914 508 1010 571 ‘cuius
1031 504 1181 588 μέθοδος

142 616 326 706 ἐπιταφίων
345 621 508 708 hodieque
527 634 636 689 exstat.
660 625 732 707 lpse
748 623 862 689 Cicero
879 622 985 698 etiam,
1009 618 1084 682 data
1103 639 1179 702 opa-

143 755 200 812 ra,
231 733 319 800 hunc
351 736 459 801 locum
489 739 636 801 tractavit
666 736 772 822 deque
799 757 836 799 eo
856 735 986 821 egregie
1007 734 1126 796 meruit
1146 733 1179 795 in

137 847 390 931 Quaestionihus
402 851 602 930 Tusculanis,
626 871 721 936 quae,
744 862 781 915 ut
800 870 923 913 summo
941 847 1073 933 quidem
1084 848 1180 932 wyt-

142 962 313 1030 tenbachio
332 963 484 1043 ridetur,
499 961 524 1051 1)
550 965 644 1050 plane
662 964 703 1028 ad
725 966 879 1028 rationem
899 949 1005 1026 τόπου
1027 981 1179 1045 παραμυ-

141 1075 295 1160 θητικοῦ,
320 1099 339 1140 a
360 1078 529 1145 Posidonio
549 1079 724 1165 designati,
751 1077 931 1162 descriptae
952 1086 1037 1141 sunt.

184 1188 329 1275 Apparet
346 1191 414 1276 jam
437 1191 672 1278 quodammodo
694 1214 731 1257 ex
753 1191 841 1257 hisce
862 1191 993 1275 paucis,
1022 1210 1107 1274 quae
1128 1200 1180 1253 at-

137 1301 296 1383 tulimus,
318 1327 383 1403 quo
399 1306 524 1372 locoah
542 1307 682 1392 antiquis
704 1306 813 1371 hahita
834 1307 874 1370 sit
896 1304 1080 1369 consolatio.
1107 1304 1179 1384 Quo

41 1446 44 1455 ·
138 1417 243 1500 magis
266 1427 312 1483 est
331 1419 515 1485 mirandum
538 1442 576 1483 ex
598 1421 831 1484 recentioribus
861 1421 1021 1482 neminem
1050 1417 1177 1494 adhuc,

141 1528 249 1615 quoad
270 1532 381 1612 sciam,
404 1532 444 1597 de
466 1532 621 1599 industria
640 1533 728 1600 huno
745 1532 967 1618 philosophiae
988 1532 1098 1597 locum
1115 1543 1178 1595 tra-

141 1652 253 1725 ctasse,
274 1665 481 1732 nequaquan
500 1649 710 1733 antiquorum
730 1648 765 1712 in
787 1669 823 1710 ea
839 1647 962 1711 tuerint
978 1647 1105 1723 merita,
1122 1666 1180 1708 ex·
1203 1683 1207 1688 ’

138 1755 330 1845 ροιιιίεεε,2)
356 1760 507 1859 llorimus
528 1763 625 1841 euim,
646 1783 731 1847 quac
753 1762 794 1825 sit
805 1760 969 1846 religionis
985 1759 1180 1826 Christianae

175 1977 201 2047 1)
237 1985 370 2048 Wyttonh.
388 1984 420 2035 ad
438 1985 505 2036 Plut.
528 1986 600 2035 Gens.
620 1985 655 2032 od
677 1986 761 2050 Apoll.
782 1985 838 2034 Vol.
858 1985 901 2032 vl.
924 2001 950 2048 p.
969 1984 1029 2034 699.
1054 1984 1084 2030 ln
1105 1983 1181 2030 tertio
1246 1993 1248 1996 ⁴

139 2082 225 2124 autem
248 2083 275 2125 et
290 2082 381 2140 quarto
405 2078 604 2126 Tusculanarum
628 2079 694 2132 libro
716 2080 742 2127 in
771 2080 858 2144 primis
885 2079 1052 2142 Chrysippum
1077 2082 1181 2125 secutus

140 2185 195 2218 esse
212 2169 299 2219 Cicero
314 2172 415 2219 videtur
427 2172 463 2221 Cl.
482 2173 558 2220 Balaio
572 2174 648 2236 Disp.
663 2173 694 2220 de
711 2174 851 2221 Posidonio
867 2191 891 2237 p.
908 2171 968 2234 196,
984 2172 1027 2220 cui
1042 2171 1181 2218 assentitur

56 2293 58 2297 f
139 2265 237 2326 'llaguet
248 2265 337 2314 Caum.
349 2265 380 2313 de
392 2266 532 2330 Chrysippo
546 2283 571 2330 p.
585 2266 644 2315 299.
665 2269 816 2316 Goerensius
831 2283 891 2315 vero
901 2267 932 2314 ad
942 2267 992 2314 Cic.
1003 2265 1080 2312 head.
1093 2265 1126 2313 11.
1137 2262 1180 2327 44,

141 2359 288 2411 neormam
302 2360 366 2410 aava
379 2361 409 2408 ιιι
423 2342 469 2409 ua.
480 2362 526 2410 111.
537 2363 609 2411 aas.
627 2363 755 2410 crasans
766 2363 860 2413 uam
873 2351 940 2431 περὶ
954 2346 1086 2423 πένθους
1102 2374 1181 2422 aaut

140 2455 415 2518 totumsuumlecisse,
434 2471 499 2517 quae
515 2456 608 2518 verba,
629 2457 677 2504 etsi
692 2472 752 2504 cum
767 2456 811 2505 illa
831 2456 957 2504 sententia
978 2470 1091 2519 pugnare
1111 2454 1183 2502 vide-

139 2552 232 2610 antur,
253 2549 348 2611 optime
358 2554 442 2598 tamen
452 2564 511 2596 cum
527 2548 571 2596 illa
580 2549 711 2596 conciliari
724 2554 839 2613 possunt.
859 2550 946 2597 Cicero
964 2549 1032 2596 enim
1046 2548 1182 2596 scribendo

140 2641 186 2688 illo
201 2658 277 2706 opere
291 2643 401 2707 respexit
415 2643 498 2691 ubivis
512 2659 618 2690 aureum
638 2643 711 2691 illum
728 2643 856 2696 Crantoris
872 2642 997 2704 libellum,
1008 2658 1085 2705 quem
1100 2642 1183 2691 laudi·
1220 2676 1235 2701 a

140 2737 190 2784 bus
200 2737 299 2800 saepius
309 2737 414 2799 extulit,
434 2738 559 2800 cuiusque
575 2737 661 2801 plures
674 2738 813 2785 sententias
828 2754 857 2785 ac
873 2737 1021 2785 consolandi
1033 2744 1183 2798 argumenta

75 2886 77 2890 Α
144 2831 171 2878 ἰιι
182 2831 248 2878 libro
261 2831 307 2878 illo
323 2831 441 2880 servavit.
459 2831 597 2894 Gonjunxit
616 2836 700 2879 minen
716 2847 775 2879 cum
789 2832 866 2879 huius
885 2831 985 2895 placitis
994 2831 1135 2879 Stoicorum
1150 2832 1182 2879 de

140 2924 375 2988 perturbationibus
391 2927 471 2977 animi
480 2926 637 2988 doctrinam,
656 2931 686 2973 ut
699 2925 886 2987 aegritudinem
902 2925 929 2972 in
943 2925 1081 2988 sapientem
1091 2925 1182 2972 cadere

141 3035 193 3071 uon
213 3036 285 3084 posse
301 3022 463 3084 ostenderet,
479 3025 556 3085 atque
572 3021 608 3090 ita
624 3020 740 3069 refellere
755 3020 856 3068 studuit
871 3019 998 3068 Crantoris
1013 3020 1182 3080 sententiam,

140 3115 187 3177 qui
203 3115 332 3161 naturales
345 3129 398 3160 esse
417 3114 539 3161 docuerat
553 3114 701 3161 affectiones
718 3114 805 3176 animi,
824 3114 954 3176 magisque
970 3113 1139 3177 Chrysippum
1156 3118 1183 3161 et

142 3207 239 3254 Stoicos
251 3211 369 3268 secutus,
386 3223 438 3254 non
448 3212 538 3255 natura
552 3208 595 3255 sed
608 3207 728 3271 opinione
739 3212 855 3256 constare
870 3207 1056 3270 aegritudinem
1066 3207 1184 3254 eandem·

143 3316 193 3362 que
207 3300 350 3349 voluntarie
369 3301 463 3365 suscipi
482 3301 586 3350 uberius
605 3302 735 3365 explicuit.
778 3330 781 3336 ι

176 3392 203 3458 2)
239 3396 353 3444 Fuerunt
368 3397 488 3460 quidem,
513 3397 608 3459 quide
633 3394 850 3444 consolationibus
870 3394 1035 3457 antiquorum
1060 3393 1183 3456 quaedam

142 3496 291 3553 monerent,
318 3507 370 3538 non
386 3507 446 3538 vero
461 3491 507 3553 qui
527 3495 610 3538 totum
623 3489 696 3537 illum
715 3488 871 3552 explicarent
892 3468 986 3536 locum.
1022 3488 1052 3534 ln
1068 3488 1108 3535 his
1124 3505 1184 3536 cen-

141 3583 236 3637 sendus
253 3589 292 3631 est
310 3585 400 3634 Petrus
419 3584 443 3633 la
457 3585 541 3648 Scine,
552 3584 598 3647 qui
609 3583 637 3632 in
655 3583 868 3632 commentatione
885 3583 915 3630 de
930 3581 1061 3645 Nepentha
1079 3583 1185 3629 Homeri

142 3679 261 3746 (Gronov.
281 3678 356 3728 Thes.
372 3679 432 3727 Ant.
454 3680 499 3726 Gr.
516 3679 565 3726 rol.
584 3673 638 3741 XI.)
658 3694 713 3741 cap.
729 3676 746 3724 3
760 3677 791 3724 de
808 3676 981 3725 consolatione
996 3691 1088 3737 agens,
1104 3677 1185 3738 magis

142 3775 253 3823 musicae
273 3790 349 3839 quarn
371 3772 546 3839 philosophiae
565 3772 617 3821 rim
641 3772 672 3820 ad
694 3771 817 3821 sedandos
836 3770 937 3819 dolores
956 3771 1089 3834 spectavit.
1115 3773 1182 3819 Hier.

84 3910 87 3924 ,
144 3871 271 3918 Cardanus
290 3870 321 3917 ds
341 3870 516 3917 Consolatione
535 3868 599 3915 lilasi
617 3868 669 3916 III.
689 3866 813 3917 nonnulla
828 3867 932 3930 quidem
947 3868 1112 3929 antiquorum
1128 3867 1185 3915 loca

143 3965 245 4027 attulit,
264 3967 308 4014 sed
320 3965 415 4027 magis,
434 3969 464 4011 ut
482 3978 552 4011 suam
569 3963 731 4012 confirmaret
751 3963 919 4029 sententiam,
939 3977 1015 4023 quarn
1034 3961 1184 4008 utiliorum

143 4060 170 4107 in
185 4060 234 4108 hoc
250 4060 307 4107 loco
325 4059 573 4119 meritafindagaret.
594 4057 670 4117 Magis
683 4057 708 4104 id
726 4056 836 4106 attendit
855 4057 877 4104 J.
895 4057 920 4104 C.
935 4056 963 4103 G.
983 4055 1081 4103 Ernesti
1098 4068 1185 4102 nesor-
