2648 4844
649 306 689 367 ts

148 497 263 549 natura
285 483 443 546 docebant
472 502 539 546 esse
569 484 792 561 constitutam,
827 494 863 546 ut
884 482 1027 549 homines
1049 486 1186 569 castiga·

146 598 300 674 tionibus,
321 595 640 680 reprehensionibus,
662 596 845 682 ignominiis
861 596 944 660 affici
961 619 994 659 se
1013 598 1046 659 in
1063 596 1186 662 'delicto

146 710 308 788 dolerent;
333 730 435 794 quum
454 720 660 793 peecatorum
679 710 850 795 impunitas
869 710 908 772 iis
927 708 998 773 data
1010 709 1185 788 videretur,

147 825 256 909 quiet
276 823 485 909 ignominiam
507 833 538 884 et
556 820 719 914 infamiam
738 824 860 886 ferrent
882 825 948 885 sine
968 822 1089 888 dolore.
1122 825 1185 886 lle-

146 936 348 1001 diocritatem
369 935 492 999 idcirco
513 935 562 997 illi
584 934 702 999 doloris
724 935 942 1021 requirebant,
966 946 998 999 et
1010 937 1186 1000 consolanti

146 1049 208 1112 boc
219 1048 470 1134 praecipiebant,
483 1059 519 1110 ut
536 1047 679 1112 dolorem
696 1059 864 1126 resecaret,
887 1070 951 1111 non
968 1070 1041 1112 vero
1058 1050 1185 1134 penitus

147 1163 316 1239 evelleret,
340 1183 443 1246 quum
464 1183 571 1247 neque
592 1162 626 1226 id
644 1162 715 1225 fieri
733 1173 850 1247 posset,
873 1182 979 1246 neque
1000 1161 1040 1225 ad
1058 1163 1185 1227 beatam

145 1277 243 1340 vitam
264 1273 421 1360 agendam
439 1275 533 1359 plane
553 1287 633 1339 esset
652 1297 743 1360 opus.
758 1271 783 1360 ¹)
810 1275 949 1357 Quinam
971 1296 1046 1339 vero
1064 1276 1184 1338 fuerint

144 1389 348 1474 Peripatetici
366 1389 434 1466 illi,
468 1389 526 1472 qui
554 1387 593 1451 de
622 1390 837 1454 consolatione
868 1401 932 1453 tarn
962 1389 1093 1475 egregie
1115 1411 1183 1453 rno-

144 1503 282 1580 nuerint,
305 1503 489 1587 ignoramus
507 1501 621 1579 hodio,
645 1524 746 1588 quum
776 1525 888 1567 eorum
918 1488 1024 1588 neque
1053 1503 1181 1566 nomina

143 1606 341 1711 abantiquis
363 1626 590 1693 memorentur,
608 1637 714 1701 neque
735 1617 854 1701 scripta
875 1617 1047 1700 supersint.
1079 1616 1181 1702 Lyco·

143 1751 217 1793 nem
245 1749 321 1792 vero
347 1728 381 1791 in
403 1728 452 1791 his
479 1729 595 1807 fuisse,
625 1728 700 1792 inde
723 1729 848 1793 efficere
870 1750 1057 1814 possumus,
1092 1729 1181 1814 quod

142 1842 252 1908 Cicero
276 1864 349 1905 eum
376 1842 437 1906 hac
460 1843 582 1906 rationo
611 1842 846 1929 aegritudinem
872 1853 1057 1907 extenuasse
1083 1842 1179 1922 dieat,

143 1967 180 2019 ut
198 1978 268 2019 eam
284 1956 388 2041 parvis
410 1967 535 2019 tantum
554 1957 661 2035 rebus,
683 1956 831 2020 fortunae
850 1968 882 2021 et
901 1957 1181 2042 corporisincom-

143 2068 262 2148 modis,
282 2091 347 2132 non
365 2086 440 2133 vero
458 2070 555 2132 animi
574 2069 664 2133 malis
683 2071 803 2134 moveri
820 2066 1096 2157 demonstraret.²)
1119 2071 1180 2134 Eo-

142 2179 214 2246 dem
241 2184 372 2247 sortasse
402 2177 562 2247 referendi
584 2196 657 2247 sunt
676 2185 891 2249 Dicaearchus
914 2196 945 2248 et
968 2185 1181 2270 Hieronymus

142 2296 312 2375 Rhodius,
332 2318 474 2381 quorum
492 2297 573 2361 alter
592 2297 719 2384 dialogo
744 2297 823 2385 περὶ
838 2293 948 2383 ψυχῆς
971 2299 1068 2362 animi
1087 2309 1180 2361 natu·

142 2432 208 2474 ram
228 2409 413 2497 indagavit,
442 2431 582 2495 eumque
608 2411 775 2474 mortalem
797 2431 864 2473 esse
886 2409 1130 2489 demonstravit,
1151 2407 1176 2496 ³)

143 2523 222 2587 alter
244 2544 320 2587 vero
341 2523 425 2587 hanc
447 2524 634 2588 sententiam
659 2524 839 2609 professus,
867 2521 947 2586 nihil
971 2524 1091 2588 bonum
1113 2546 1180 2587 esso

140 2637 198 2699 nisi
217 2636 410 2701 vacuitatem
432 2636 568 2714 doloris,
591 2637 624 2700 id
635 2638 669 2699 in
681 2637 791 2722 primis
811 2636 950 2715 studuit,
970 2649 1006 2701 ut
1025 2638 1180 2722 abaegri·

175 2982 200 3050 1)
235 2986 287 3034 Cic.
304 2985 370 3034 Ibid.
387 2987 430 3034 tv.
447 2985 489 3034 19.
506 3001 544 3049 sq.
563 2987 604 3034 De
624 2986 672 3048 Off.
690 2987 710 3033 1.
727 2984 768 3032 25.

175 3075 201 3142 2)
237 3080 288 3128 Cio.
306 3078 371 3126 lbid.
385 3079 432 3127 111.
451 3077 499 3128 32.»
512 3080 548 3128 Cf.
564 3079 640 3128 deso
656 3080 727 3141 Diog.
744 3079 825 3128 baert.
844 3078 873 3127 V.
888 3076 930 3127 65.
947 3093 1002 3142 sqq.
1018 3077 1095 3128 ulem.
1106 3079 1178 3130 Alex.

143 3172 285 3241 Strom511.
301 3188 326 3236 p.
342 3170 401 3222 497.
923 3196 924 3199 ¹

177 3263 204 3329 3)
240 3266 291 3314 Cio.
321 3266 386 3313 Ibid.
412 3265 490 3314 1.10.
507 3267 543 3315 Cf.
560 3267 656 3315 dehoc
675 3267 775 3328 dialogo
793 3267 1179 3333 ChBakiusSchoLHypomn.

141 3359 173 3407 11.
192 3376 217 3423 p.
228 3357 270 3406 22.
291 3360 378 3407 Cicero
394 3360 443 3407 boo
462 3375 565 3423 quoque
578 3360 725 3409 Dicaearchi
744 3374 819 3423 opere
835 3359 861 3407 in
877 3360 1050 3408 consolatione
1065 3377 1179 3411 suausus

140 3453 258 3515 videtur,
274 3453 395 3516 quonism
413 3469 444 3500 eo
457 3458 587 3517 tempore,
603 3469 655 3517 quo
671 3453 741 3501 huno
755 3453 851 3501 librum
869 3453 988 3516 scripsit,
1004 3454 1119 3503 Atticum
1136 3471 1180 3502 ro-

139 3546 217 3608 gavit,
230 3551 260 3593 ut
266 3546 413 3594 Dicaearchi
428 3535 495 3617 περὶ
509 3537 615 3618 ψῠχῆς
630 3553 752 3609 utrosque
768 3546 816 3593 sibi
830 3546 953 3596 mitteret.
966 3547 1044 3609 Epist.
1054 3546 1123 3618 ΧῌΙ.
1134 3544 1176 3595 32.
1261 3604 1264 3608 ¹

141 3639 176 3687 Cf.
202 3640 341 3688 Schneider
365 3640 396 3687 de
411 3639 509 3690 Consul.
535 3641 588 3689 Cic.
614 3657 639 3704 p.
664 3638 706 3688 10.
730 3655 767 3702 sq.
789 3645 867 3703 etque
885 3639 1016 3702 inprimis
1034 3640 1073 3687 Fr.
1093 3639 1176 3688 Osann

139 3733 222 3780 Bsitr.
252 3747 302 3779 sur
328 3734 371 3780 (ἕν.
391 3733 615 3782 sedebatis.
638 3731 714 3782 1839.
735 3733 791 3781 Vol.
811 3733 845 3780 11.
859 3749 884 3795 p.
904 3731 937 3779 35
953 3711 1019 3795 sqq„
1035 3731 1080 3794 qui
1098 3747 1177 3781 secu·
1232 3744 1233 3747 ’

138 3826 217 3872 ratius
239 3826 272 3872 de
287 3827 336 3874 hoo
350 3841 427 3890 opere
439 3842 531 3889 agens,
548 3826 646 3875 duabus
661 3827 686 3874 id
706 3826 820 3889 partibus
838 3826 981 3873 constitisse
997 3825 1094 3887 docuit,
1112 3843 1176 3889 qus-

137 3934 193 3966 rnm
218 3920 297 3967 alters
315 3920 417 3967 nomine
440 3910 609 3987 Λεσβιακοῦ
629 3919 660 3966 de
678 3919 755 3966 animi
770 3892 860 3966 ustura
879 3919 993 3980 mortali,
1014 3919 1092 3988 altera
1105 3935 1176 3979 vcro,

138 3996 342 4082 Κορινθιακός
358 4012 489 4076 inscripta,
505 4012 536 4060 de
554 4013 661 4060 interitu
679 4012 810 4059 bominum
826 4012 888 4074 egit.
