2648 4844
653 298 690 356 st

141 470 250 554 gantia
273 469 399 553 singula
420 471 497 535 haec
526 476 707 539 consolandi
730 494 919 564 argumenta
943 489 1124 567 exposuerit
1151 500 1182 551 et

140 582 353 665 explicuerit,
372 583 508 648 divinari
527 590 646 673 magiS,
660 611 756 675 quam
777 597 928 679 cognosci
940 609 1053 680 potest.
1079 600 1183 664 Pluri-

140 696 201 757 mis
223 708 333 759 autem
354 710 522 781 poetarum
542 702 619 765 locis
646 726 722 768 usus
744 707 890 786 videtur,
921 732 988 797 quo
1007 711 1100 775 dictis
1119 715 1183 776 suis

141 809 296 891 majorem
316 811 377 873 vim
398 816 676 880 etauctoritatem
696 820 892 887 conciliaret.
918 824 1082 906 conjicere
1098 827 1182 889 enim

140 921 172 984 id
196 921 284 999 licet,
308 924 385 1007 quia
407 938 565 1012 uterque,
579 932 636 1016 qni
649 953 723 995 eum
735 947 864 999 secutus
884 949 948 1015 est,
968 952 999 1002 et
1015 939 1127 1003 Cicero
1149 941 1181 1002 in

140 1037 331 1099 Tusculanis
353 1038 623 1122 disputationibus
644 1057 675 1109 et
698 1047 890 1113 Plutarchus
915 1052 947 1113 in
968 1053 1182 1116 consolatione

141 1148 181 1211 ad
192 1149 417 1233 Apollonium,
441 1156 560 1220 multus
580 1170 626 1221 est
645 1161 678 1221 in
693 1161 860 1225 afferendis
877 1176 1181 1247 poetarnmsenten·

141 1264 212 1341 tiis,
227 1275 269 1359 'et
288 1265 482 1333 Plutarchus
504 1274 633 1336 Homeri
656 1276 856 1358 potissimum
879 1289 910 1340 et
931 1279 1092 1362 Euripidis
1112 1301 1181 1342 ver·

139 1377 229 1440 sibus
244 1399 320 1441 usus
338 1389 404 1456 est,
422 1399 561 1464 quorum
578 1380 716 1443 lectione
726 1381 760 1443 in
771 1383 881 1466 primis
891 1384 1076 1448 Crantorcm
1088 1384 1182 1447 luisse

139 1489 359 1570 delectatum,
379 1505 597 1556 memorarunt
616 1490 789 1580 antiqni.1)

630 1790 702 1870 §a

349 1958 966 2044 ScriptorAcioclss'.

185 2153 370 2236 inscriptis
401 2151 619 2215 consolatoriis
652 2152 737 2216 hand
770 2155 922 2240 exiguum
954 2154 1061 2218 locum
1094 2167 1179 2220 tenet

140 2265 297 2351 dialogus,
319 2266 490 2349 inscriptus
515 2255 665 2344 ’.ι-Ιξιόχο,1
692 2256 710 2347 l
733 2266 810 2350 napi
840 2256 997 2345 tardior,
1030 2268 1179 2332 decuius

141 2500 254 2562 divitiae,
273 2498 399 2561 uoluptas,
413 2499 506 2544 sanitas
518 2503 544 2545 et
556 2497 636 2557 virtus
645 2497 676 2544 ad
686 2504 788 2545 coetum
802 2498 954 2569 Graecorum
965 2499 1040 2547 verba
1050 2500 1178 2564 facientia,

141 2593 174 2639 ita
186 2597 216 2639 ut
232 2607 277 2640 sua
293 2607 410 2655 quaeque
424 2592 479 2639 vice
496 2592 626 2639 commoda
639 2607 683 2638 sua
697 2596 836 2656 proponat,
852 2592 945 2655 quibus
957 2594 1065 2654 singulis
1076 2595 1179 2658 applau-

141 2687 205 2733 dunt
221 2685 325 2741 Graeci;
346 2685 448 2732 tandem
466 2701 535 2746 sero,
552 2684 595 2731 ubi
615 2686 696 2733 virtus
713 2686 815 2733 dicendi
834 2685 912 2733 finem
926 2687 1004 2749 lecit,
1024 2688 1112 2736 Graeci
1128 2689 1178 2751 pri·

141 2795 192 2828 mas
204 2785 289 2844 partes
302 2779 406 2826 tradunt
419 2779 518 2839 virtuti,
530 2779 622 2826 alteras
634 2779 744 2840 sanitati,
759 2779 884 2843 voluptati
900 2781 996 2842 tertias,
1012 2781 1102 2829 ultimo
1118 2797 1178 2831 raro
1272 2803 1274 2807 ·

141 2874 196 2922 loeo
214 2878 315 2940 ponunt
331 2873 440 2920 divitias.
459 2872 534 2934 Quid,
550 2888 653 2934 quaeso,
669 2873 695 2919 in
712 2873 782 2920 hisce
794 2874 992 2921 consolatorium
1005 2875 1063 2921 estl'
1080 2876 1113 2922 At
1128 2877 1178 2924 fuit

140 2969 254 3031 sortasse,
271 2968 340 3015 dicat
351 2967 485 3030 quispiam,
502 2967 570 3029 quod
585 2982 635 3014 non
652 2966 741 3013 retulit
756 2965 905 3029 Empiricos.
923 2967 1012 3014 llirum
1029 2971 1082 3014 tum
1095 2969 1178 3015 omni-

141 3078 173 3110 no
187 3063 267 3124 soret,
286 3076 371 3123 neque
387 3061 550 3122 Ciceronem,
566 3076 651 3124 neque
667 3060 846 3122 Plutarchum,
865 3059 910 3123 qui
926 3060 1037 3109 studiose
1051 3061 1177 3108 Crantoris

111 3183 113 3187 ,
140 3155 233 3204 librum
249 3156 281 3203 de
299 3155 373 3202 luctu
395 3155 477 3203 secuti
496 3160 573 3216 sunt,
597 3155 736 3217 quidquam
752 3154 800 3202 hac
815 3154 846 3202 de
865 3170 891 3202 re
910 3155 1003 3203 dicere.
1028 3155 1116 3202 Melior
1138 3154 1179 3204 id-

140 3250 208 3297 circo
232 3249 294 3296 mihi
311 3249 411 3297 ridetur
430 3247 536 3296 Fabricii
554 3248 700 3308 sententia,
725 3247 774 3294 hoc
791 3247 961 3308 fragmentum
984 3250 1119 3298 referentis
1144 3250 1176 3299 ad

139 3344 193 3390 aius
215 3326 424 3413 ὑπομνήματα,
446 3358 512 3405 quaa
535 3341 566 3388 ad
591 3341 695 3402 triginta
718 3340 798 3412 millia
822 3356 940 3389 versuum
964 3358 1022 3391 eum
1047 3345 1175 3408 scripsisse

139 3436 214 3485 docet
232 3438 303 3498 llioq.
323 3437 436 3484 Laertius
451 3438 494 3484 lv.
508 3433 550 3483 24.
568 3435 663 3483 Fabric.
680 3434 751 3482 niel.
773 3435 816 3481 Gr.
833 3434 866 3481 11.
883 3450 908 3496 p.
923 3432 965 3482 56.

175 3527 199 3590 1)
235 3531 306 3591 lting.
326 3532 406 3578 laert.
427 3531 468 3577 tv.
490 3528 531 3577 26.
552 3511 708 3597 ἐθαύμαζε
732 3513 768 3578 δὲ
789 3509 973 3601 όΚράντωρ
995 3510 1113 3578 πάντων
1134 3514 1176 3599 oq*

138 3623 251 3699 μᾶλλον
270 3616 404 3703 Όμηρον
424 3623 472 3682 καὶ
495 3620 673 3704 Εὐριπίδην,
703 3615 795 3700 λέγων
816 3617 945 3703 ἐργῶδες
967 3618 998 3680 ἒν
1020 3618 1064 3703 τῷ
1083 3616 1175 3704 κυρίῳ

140 3726 283 3803 τραγικῶς
305 3719 368 3802 ἅμα
389 3724 438 3785 καὶ
465 3724 636 3802 συμπαθῶς
664 3717 787 3802 γράψαι.
811 3742 843 3772 ·-
868 3733 931 3780 Loca
952 3732 979 3779 in
1003 3730 1175 3781 consolatione

139 3828 171 3876 ad
188 3828 370 3892 Apollonium,
394 3829 487 3890 quibus
506 3844 593 3875 sersus
612 3833 743 3890 poetarum
770 3827 844 3874 affert
870 3818 1036 3886 Plutarchus,
1069 3840 1177 3874 enume-

140 3923 388 3970 ravitSchneiderus
413 3923 429 3969 l.
447 3922 463 3968 l.
484 3938 507 3984 p.
526 3919 586 3981 848,
615 3927 641 3968 et
669 3922 803 3967 Homerum
826 3919 888 3967 locis
906 3918 1106 3982 septemdecim,
1126 3920 1177 3967 Eu-

140 4015 245 4078 ripidem
263 4017 354 4078 viginti
370 4017 433 4063 locis
448 4015 578 4063 laudatum
604 4015 719 4074 invenit,
749 4013 903 4074 Aeschylum
926 4017 1015 4060 contra
1040 4013 1177 4075 quinquies

955 4100 994 4159 4.

1224 4098 1229 4125 l
