2648 4844
651 316 692 376 73

141 486 197 561 miv
218 489 318 580 pile»
339 484 398 556 oria
419 482 606 576 ἐκτησάμην·
629 483 715 575 iidem
737 485 786 554 ὅτι
807 484 863 576 τῆν
883 495 1026 574 γυναῖκα,
1055 496 1186 575 γυναῖκα

143 598 238 688 εἶχον.
251 602 277 690 ¹)
313 605 420 686 Quam
436 604 641 681 sententiam,
666 605 788 666 etiamsi
807 626 870 666 non
886 603 1041 681 addatur,
1066 606 1184 690 inquo

142 719 287 783 Panaetii
308 718 392 780 libro
411 717 527 794 fuerit,
551 728 658 779 tamen
686 715 727 779 ad
755 718 822 778 eius
851 717 1005 800 scriptum
1026 717 1066 780 de
1085 719 1181 780 animi

142 831 376 918 tranquillitate
398 828 598 902 referendam
617 851 702 906 esse,
723 830 794 912 plus
817 851 914 914 quam
936 831 1101 914 probabile
1112 840 1179 908 est,

143 965 244 1029 quum
264 944 421 1028 Diogenes
441 943 603 1021 Laertius,
633 943 819 1007 Panaetium
849 944 883 1005 in
912 944 1016 1022 libro,
1046 942 1086 1006 de
1116 965 1181 1028 quo

142 1078 229 1118 nunc
245 1057 407 1144 agimus,
441 1056 647 1140 Anaxagorae
678 1054 759 1118 illud
790 1054 912 1118 dictum
937 1079 1106 1140 usurpasse
1132 1055 1180 1119 di-

143 1180 224 1232 serto
249 1181 386 1234 moneat.
399 1165 429 1253 ²)'
471 1169 617 1232 Alterum
649 1170 716 1232 eius
749 1168 994 1232 consolatorium
1027 1170 1182 1252 scripturn

141 1292 355 1361 memoratur,
376 1282 509 1366 epistola
527 1282 567 1344 ad
587 1282 626 1362 Q.
652 1282 852 1345 Tuberonem
871 1280 911 1344 de
932 1280 1042 1345 dolore
1058 1282 1180 1366 patien-
1218 1289 1221 1293 ’

142 1392 202 1472 do,
236 1393 277 1457 de
305 1415 371 1479 qua
396 1395 441 1457 ita
458 1395 586 1460 Cicero:
620 1393 827 1472 Panaetius,
850 1416 925 1457 eum
950 1395 996 1458 ed
1018 1397 1056 1482 Q
1082 1393 1183 1460 Tube-

142 1529 259 1570 ronem
284 1506 324 1570 de
351 1507 466 1571 dolore
485 1506 649 1591 patiendo
671 1507 851 1586 scriberet,
874 1507 962 1594 quod
987 1533 1054 1572 ease
1078 1522 1181 1593 eaput

140 1619 294 1700 debebat,
316 1623 351 1683 si
360 1621 508 1704 probari
519 1634 652 1705 posset,
675 1643 850 1706 uunquam
869 1625 1007 1704 posuit,
1029 1645 1096 1684 nort
1114 1646 1182 1687 esse

141 1733 274 1799 malum
292 1733 462 1812 dolorem3
483 1734 541 1797 sed
564 1732 650 1820 quid
673 1746 757 1796 esset
779 1747 811 1797 et
834 1734 934 1820 quale
951 1746 1182 1820 quantumque
1210 1819 1216 1830 ¹

141 1849 180 1910 in
205 1870 240 1911 eo
263 1850 389 1911 inesset
414 1847 526 1912 alieni
533 1900 541 1927 ‚
580 1847 698 1911 deinde
733 1872 817 1934 quae
842 1851 936 1912 ratio
962 1861 1045 1911 esset
1064 1846 1181 1932 perfe-

141 1956 285 2047 renata)
321 1960 417 2042 Quod
436 1982 539 2046 quum
558 1962 602 2024 ita
622 1963 680 2040 sit,
704 1962 834 2025 minime
854 1961 1055 2039 dubitamus,
1081 1962 1179 2046 quin,

140 2072 174 2134 in
193 2072 256 2137 hae
277 2074 430 2158 epistola,
472 2075 639 2138 Panaetius
677 2076 870 2138 mentionem
902 2097 1032 2160 quoque
1067 2075 1180 2137 feeerit

140 2185 298 2251 Crantoris
325 2186 401 2249 libri
426 2185 466 2249 de
488 2187 602 2264 luctu,
625 2186 766 2273 indeque
788 2188 943 2251 nonnulla
967 2187 1177 2265 desumserit,

141 2319 264 2383 quum,
288 2310 369 2361 teste
397 2299 569 2378 Cicerone,
604 2299 692 2362 buno
718 2300 866 2363 libellum
892 2299 933 2364 ad
960 2301 1092 2364 verbum
1111 2299 1178 2362 edi·

140 2409 296 2475 scendum
316 2412 477 2476 Tuberoni
494 2415 705 2497 praeceperit.
719 2412 743 2499 ⁴)
768 2414 839 2494 Qua
860 2434 935 2476 vero
957 2416 1079 2477 rationo
1102 2435 1178 2477 con-

140 2523 328 2589 solationem
356 2526 550 2605 instituerit,
586 2527 703 2613 quidve
732 2526 773 2591 ad
800 2527 1008 2592 minuendum
1035 2528 1178 2592 dolorem

139 2638 321 2717 monuerit,
353 2650 442 2703 oerto
461 2638 525 2702 dici
544 2641 679 2726 nequit3
705 2653 826 2706 constat
846 2662 939 2720 vero,
963 2662 1037 2704 eum
1058 2643 1179 2724 impro-

139 2748 230 2814 basse
248 2763 449 2816 caeterorum
464 2753 646 2817 Stoicorum
673 2743 839 2818 ἅπαθείαν
869 2766 900 2817 et
928 2743 1135 2840 ἀναλγησίαν,
1149 2748 1175 2838 ⁵)

139 2861 278 2948 ideoque
307 2864 548 2929 humanioribus
581 2865 790 2950 quibusdam,
815 2888 912 2950 quam
938 2868 1100 2950 reliquos,
1125 2891 1176 2931 ar·

141 2977 300 3060 gumentis
329 2978 363 3039 in
396 2978 588 3042 consolando
615 3001 707 3041 usum
736 2979 842 3042 fuisse.
888 2978 1038 3040 Animum
1069 2988 1176 3039 autem

140 3090 305 3153 mortalem
331 3089 488 3165 babebat,
524 3092 611 3176 quod
638 3093 852 3176 probaturus,
888 3089 1046 3175 quidquid
1068 3101 1176 3151 natum

172 3357 198 3424 1)
234 3362 301 3410 mut.
321 3353 388 3436 περὶ
403 3351 564 3435 αόργησιάς
579 3382 604 3431 p.
621 3362 671 3411 463
690 3365 718 3412 n.
734 3371 761 3412 a
780 3382 805 3430 p.
822 3360 872 3410 474
889 3367 915 3412 a.
936 3364 973 3414 cr.
1000 3367 1053 3424 van
1073 3365 1175 3427 rynaan

141 3455 215 3518 Disp.
227 3455 259 3503 de
273 3456 397 3505 Panaetio
413 3474 437 3522 p.
452 3456 509 3506 115.

173 3545 199 3612 2)
235 3549 306 3610 Πίος.
324 3552 403 3597 Lairt.
422 3550 462 3599 Ill.
481 3550 521 3598 20.

172 3639 199 3704 3)
237 3641 290 3692 cie.
311 3643 341 3690 do
357 3644 433 3690 Fine.
454 3643 495 3709 lv„
507 3642 539 3691 ,9,
560 3645 604 3692 llio
619 3644 691 3692 loeus
706 3645 773 3704 sugit
789 3645 955 3708 Lyndenum,
970 3644 1015 3706 qui
1031 3660 1056 3708 p.
1070 3640 1120 3689 116
1133 3644 1175 3690 Fa-

139 3733 248 3781 bricium
267 3735 447 3800 reprehendit,
466 3736 535 3797 quod
553 3737 630 3783 huius
646 3737 768 3803 epistolae
787 3739 891 3786 titulum
915 3738 1017 3784 lecisset
1039 3735 1070 3784 de
1090 3735 1175 3784 doloro

136 3826 264 3889 mneside.

172 3917 198 3983 4)
236 3919 289 3970 cu.
306 3918 385 3968 aaa
403 3920 433 3971 u.
451 3918 492 3968 44.
513 3920 551 3970 cr.
570 3924 645 3970 raas.
665 3924 694 3981 e.
712 3923 752 3973 rv.
769 3922 793 3970 a.
865 3898 868 3901 ’

171 4010 198 4076 5)
234 4014 293 4062 aar.
312 4014 376 4063 eeu.
393 4017 467 4063 Noae.
483 4013 537 4064 Aa.
556 4014 608 4065 xri.
623 4013 646 4062 a.
897 4002 901 4007 “
996 4004 999 4010 ’
