2648 4844
650 348 668 406 'l

139 528 312 603 Cicerone,
338 525 446 588 rhetor
463 525 615 610 antiquus
627 526 665 587 in
681 527 792 619 primis
806 527 932 606 nobilis,
947 529 1178 594 laudationem

137 641 267 703 mortio
284 637 429 722 scripsit,
440 658 526 723 quae
536 638 703 702 constabat
713 641 953 704 enumeratione
964 641 1178 707 humanorum

138 753 309 816 malorum.
320 746 345 837 ι)
370 752 442 815 Huc
461 752 538 814 item
554 751 740 816 referendae
758 764 832 817 sunt
847 753 1177 841 DionisGhrysostomi

138 867 300 953 orafiones
328 864 540 929 sextadecima
561 860 641 949 napi
673 864 778 952 λυπῇς
795 877 827 930 et
847 869 1009 932 tricesima
1031 865 1179 955 Xapt'drp-

141 999 202 1062 μσς
224 979 400 1063 inscripta,
431 977 471 1042 de
490 1000 555 1063 quo
573 977 659 1042 idem
675 981 889 1064 pronunciare
911 982 1005 1060 licet,
1029 980 1116 1067 quod
1137 980 1178 1044 de

145 1091 362 1157 Alcidamante
383 1090 510 1171 Cicero,
529 1091 607 1156 huic
629 1094 768 1156 rationes
791 1115 864 1173 eae,
886 1116 970 1179 quae
992 1081 1178 1181 eiquisitius

143 1206 379 1292 aphilosophis
405 1204 622 1291 colliguntur,
652 1205 843 1286 defuerunt,
881 1208 1009 1272 ubertas
1027 1210 1179 1272 orationis

143 1342 203 1384 non
224 1315 378 1405 deluit.¹)

184 1434 271 1514 Quas
294 1445 402 1497 autem
421 1432 463 1496 ud
485 1435 696 1522 moerentium
718 1435 838 1499 animos
857 1434 1024 1521 erigendos
1040 1437 1178 1500 rationes

83 1528 89 1536 .
143 1546 355 1611 adhilnrerant
366 1558 490 1631 poetae,
504 1558 536 1610 et
543 1568 662 1633 magna
673 1546 801 1611 dicendi
816 1549 847 1611 ri
856 1549 1014 1612 ornabant
1025 1559 1178 1628 oratores,

88 1722 94 1730 ,
142 1660 268 1724 easdem
284 1659 469 1745 philosophi
490 1659 602 1723 sedulo
623 1661 797 1746 colligere,
828 1661 916 1743 justa
939 1661 1051 1725 ordine
1072 1662 1178 1747 dispo·

140 1797 240 1854 nere,
271 1774 365 1838 variis
390 1774 658 1859 disputationibus
675 1775 828 1859 novisque
846 1775 1043 1860 argumentis
1062 1773 1178 1838 confir·
1196 1848 1198 1851 ¹

141 1909 229 1952 mare
249 1888 453 1952 studuerant.
481 1888 696 1954 Conveniebat
714 1890 801 1951 enim
819 1887 881 1952 hoc
900 1887 1086 1952 consolandi
1108 1906 1178 1952 mu·
1267 1934 1279 1950 .

144 2025 199 2067 nus
219 2003 315 2087 plane
327 2023 402 2066 cam
417 2001 528 2066 studiis
547 2001 778 2087 philosophiae.
802 2001 882 2067 Cum
899 2005 984 2066 enim
999 2003 1079 2068 haec
1094 2012 1180 2066 'esset

142 2117 365 2202 philosophiae
383 2117 511 2180 moralis
529 2118 659 2201 propria
681 2128 806 2196 natura,
819 2129 856 2181 ut
876 2117 1056 2203 inquireret
1074 2118 1108 2180 in
1129 2138 1179 2182 res
1253 2136 1259 2143 ·

143 2231 308 2310 humanas,
328 2230 530 2316 hominisque
550 2230 702 2309 indolem,
725 2208 917 2316 cupiditates
939 2244 1036 2317 atque
1049 2232 1180 2318 ‘ingenii

102 2332 109 2343 ’
142 2347 306 2430 animique
326 2345 494 2408 facultates
516 2343 682 2428 explorare
712 2343 875 2422 studeret,
899 2366 964 2407 non
989 2345 1095 2429 potuit
1115 2365 1179 2408 non

143 2458 181 2522 de
207 2460 300 2523 luctu
327 2480 458 2544 quoque
495 2478 614 2544 agere,
653 2469 685 2521 et
724 2456 828 2543 qualis
864 2478 939 2521 vera
969 2467 1050 2520 esset
1080 2459 1199 2544 ipsius·

144 2585 280 2650 natura,
303 2571 466 2658 indagare.
492 2572 584 2657 Ipsae
595 2571 686 2650 adeo,
710 2571 827 2657 quihus
839 2571 872 2634 in
894 2571 1087 2636 consolando
1109 2584 1180 2636 ute-

146 2687 283 2764 bantur,
307 2687 443 2750 rationes
461 2685 636 2771 pleraeque
658 2685 697 2749 ad
710 2684 944 2771 philosophiam
955 2686 1179 2770 pertinebant:

145 2802 189 2864 sic
211 2823 240 2866 v.
264 2820 293 2865 c.
315 2799 406 2864 locus
436 2799 476 2863 de
505 2800 603 2863 animi
621 2811 692 2884 post
713 2809 849 2863 mortem
879 2799 1073 2878 conditione,
1095 2796 1182 2885 quod

146 3032 192 3097 15,
210 3034 235 3082 3.
253 3032 339 3082 Alium
352 3034 423 3081 hunc
436 3032 621 3096 Antiphontem
637 3047 691 3079 esse
710 3048 740 3079 ac
755 3029 852 3095 Sophili
865 3029 946 3077 lilium
963 3035 1037 3094 putat
1055 3030 1184 3078 Fabricius

146 3130 214 3177 Bibl.
226 3131 270 3176 Gr.
282 3130 302 3176 1.
313 3145 337 3192 p.
347 3126 407 3190 835,
422 3127 605 3175 Rhamnusium
619 3142 679 3173 vero
693 3126 795 3173 illorum
805 3141 948 3172 sermonum
960 3131 1091 3172 auctorem
1106 3125 1185 3174 hahet

147 3222 207 3270 tud.
219 3222 345 3270 Cresolius
359 3221 386 3268 in
398 3221 508 3268 Theatra
524 3226 636 3267 aeterum
646 3220 720 3266 ittet.
731 3219 757 3266 ln
775 3219 849 3266 Thes.
860 3219 920 3265 Ant.
936 3220 979 3265 Gr.
990 3218 1046 3266 vot.
1061 3220 1091 3267 X.
1106 3237 1130 3284 p.
1141 3218 1183 3270 35.

146 3318 180 3365 Gi.
196 3317 320 3364 lleursius
335 3316 361 3362 in
381 3315 451 3362 etet.
461 3314 515 3362 Att.
533 3314 560 3361 in
572 3314 647 3361 Thes.
658 3314 718 3360 Ant.
732 3315 775 3360 Gr.
792 3313 842 3359 vol,
857 3313 886 3359 x.
907 3308 1021 3375 p.1422.
1041 3310 1130 3360 lllirum
1145 3321 1185 3362 est

150 3410 331 3458 Rhunkenium
347 3410 373 3456 in
387 3410 463 3472 Disp.
480 3408 675 3472 deAntiphonte
688 3406 784 3454 nullam
800 3406 956 3453 mentionem
977 3405 1008 3453 de
1023 3407 1078 3454 eius
1091 3391 1185 3482 τέχνῃ

74 3559 77 3565 ‚
145 3488 269 3568 ἀλυπίας
285 3504 382 3551 iecisse.
409 3505 557 3565 Fragmenta
575 3483 670 3564 autern,
691 3517 755 3563 quae
768 3499 934 3564 Antiphontis
952 3500 1185 3548 nomineStohaeus

148 3599 210 3647 Flor.
229 3600 269 3646 tit.
288 3597 314 3660 6,
331 3593 357 3661 7,
375 3599 414 3646 tit.
431 3597 474 3660 98,
484 3595 517 3645 56
528 3602 555 3644 et
563 3593 597 3644 63
619 3596 663 3643 Ed.
681 3594 755 3642 Gaisl.
777 3573 860 3658 afferi,
882 3610 912 3641 ex
925 3594 980 3641 eius
998 3594 1064 3640 libro
1082 3592 1185 3642 laudato

145 3692 260 3741 desumta
279 3693 407 3740 videntur.

179 3785 205 3850 1)
242 3786 294 3834 Cic.
313 3789 388 3847 Z'asc.
406 3773 528 3849 2148,
546 3801 611 3848 quae
624 3789 710 3832 autem
728 3783 764 3831 ibi
784 3786 940 3844 sequuntur,
960 3795 988 3826 ex
1005 3779 1186 3830 Alcidamantis

149 3882 213 3929 libro
233 3881 348 3930 desumta
367 3896 421 3928 esse
447 3885 540 3944 putant
563 3880 675 3941 interpp.
695 3879 726 3925 ad
747 3877 773 3923 h.
793 3875 810 3922 l.
839 3874 874 3922 ne
890 3874 1065 3921 Alcidunmnte
1086 3877 1186 3940 scripsit

145 3976 255 4039 Spengel
274 3977 301 4023 in
327 3976 382 4023 eiua
409 3957 565 4049 συναγώγῃ
592 3955 714 4040 τέχνιον.
750 3972 832 4031 Stutg.
848 3967 923 4019 1828.

182 4066 210 4130 2)
245 4069 295 4118 Cic.
317 4069 391 4116 These.
414 4065 501 4127 Q.l.l.
