2648 4844
695 292 739 351 90

201 486 274 538 sunt
298 485 342 536 tot
360 473 472 549 malis,
498 483 533 534 ut
553 493 661 534 revera
680 471 762 533 bona
784 494 845 534 non
871 473 931 533 sint
954 468 1142 557 dicenda.1)
1179 474 1240 534 lila-

109 570 111 574 *
201 609 300 672 gnum
317 588 448 670 iusuper
464 586 612 648 solatium
630 586 776 668 praebet,
793 586 879 670 quod
896 585 1066 649 didicimus
1078 587 1111 647 in
1123 587 1239 649 Bacclri

199 701 377 786 mysteriis,
403 699 528 763 nullum
554 700 663 762 adesse
693 700 813 762 malum
841 700 899 776 iis,
924 700 982 784 qui
1011 721 1147 783 corpore
1170 713 1241 763 sunt

199 816 314 892 soluti,
339 815 478 899 ideoque
497 815 597 898 magis
619 814 769 896 prodest,
794 815 923 898 puerili,
946 836 1043 899 quam
1066 815 1169 891 virili,
1190 837 1241 877 ae-

189 907 264 992 tate
286 940 340 991 aut
357 939 520 991 senectute
540 929 631 993 mori.
663 928 794 991 Animus
815 930 910 1005 enirn,
931 930 957 990 si
975 928 1031 991 diu
1054 929 1086 989 iu
1107 912 1240 1012 corpore

199 1044 278 1120 fuit,
302 1043 345 1104 ita
369 1064 442 1105 cum
466 1064 502 1105 eo
525 1041 734 1124 conjunctum
762 1054 826 1120 est,
854 1064 890 1104 ac
921 1042 1021 1105 veluti
1043 1042 1182 1119 coaluit,
1208 1056 1241 1106 ut

198 1157 315 1220 deinde
335 1179 460 1219 sursum
482 1155 591 1219 volans
613 1155 701 1217 aliud
720 1156 831 1219 subeat
849 1178 987 1239 corpus,
1012 1155 1144 1234 iisdem,
1169 1159 1240 1241 qui-

199 1272 259 1334 bus
285 1284 395 1348 antea,
428 1271 518 1334 malis
546 1280 577 1332 et
607 1270 837 1354 cupiditatibus
866 1270 1031 1335 obnoxius.
1078 1271 1137 1333 Ille
1168 1293 1240 1334 vero

198 1387 344 1463 animus,
380 1385 436 1469 qui
458 1407 515 1468 per
538 1384 633 1446 breve
663 1395 788 1468 tempus
817 1405 891 1448 cum
919 1405 1055 1467 corpore
1079 1397 1239 1462 versatus,

199 1501 335 1584 eiusque
364 1498 498 1560 maculis
540 1499 644 1560 minus
677 1498 819 1582 pollutus
853 1511 920 1575 est,
956 1499 995 1561 ad
1023 1500 1123 1576 Deos,
1157 1499 1240 1562 unde

199 1626 348 1692 venerat,
385 1613 531 1689 rediens,
568 1634 605 1676 eo
633 1613 769 1674 celerius
803 1613 842 1675 ad
877 1614 988 1696 prioris
1021 1614 1105 1675 vitae
1134 1613 1240 1676 lucem

199 1727 354 1792 reficitur.
393 1729 475 1790 Hinc
502 1726 590 1812 leges
618 1738 691 1788 sunt
717 1728 925 1805 constitutae,
959 1749 1041 1811 quee
1066 1728 1239 1791 infantibus

198 1842 332 1904 mortuis
363 1842 493 1903 inferias
523 1841 643 1918 libare,
681 1852 842 1902 exstruere
871 1851 1096 1920 monumenta,
1123 1863 1239 1927 eosque

199 1958 312 2041 lugere
340 1965 468 2033 vetant,
503 1967 614 2038 utpote
643 1954 682 2017 ad
706 1956 869 2017 meliorem
900 1955 1104 2040 divinamque
1128 1956 1240 2019 eondi-

191 2069 317 2149 tionem
339 2066 470 2133 delatos'.
481 2064 507 2154 ²)

243 2185 281 2245 Et
304 2185 348 2246 sic
371 2183 501 2268 quidem
527 2184 790 2268 philosophorum
811 2186 1010 2248 Graecorum
1030 2185 1238 2248 consolatoria

198 2298 317 2380 scripta
336 2296 376 2359 de
394 2309 518 2376 morte,
544 2310 594 2375 et,
617 2288 725 2383 ¹quoad
746 2300 813 2361 eius
825 2298 894 2360 fieri
906 2301 1026 2383 potuit,
1052 2310 1240 2384 argumente

196 2410 404 2490 consolandi,
429 2413 546 2496 quihus
568 2414 602 2474 in
620 2413 657 2474 iis
680 2412 729 2474 vel
749 2414 797 2475 usi
817 2425 909 2491 sunt,
934 2414 982 2475 rel
1002 2414 1050 2476 usi
1072 2412 1239 2490 videntur,

198 2527 428 2589 recensuimus.
469 2525 630 2610 Epicteti
653 2539 779 2604 autem,
805 2529 914 2612 quiin
940 2523 1120 2613 ἐγχειριδίῳ
1143 2550 1239 2613 argu-

196 2650 304 2702 menta
325 2640 482 2724 quaedam
501 2640 686 2703 consolandi
705 2642 830 2726 attigit,
854 2654 1023 2726 propterea
1045 2644 1239 2706 mentionem

196 2774 260 2814 non
281 2754 433 2831 lecimus,
459 2754 545 2837 quod
570 2777 649 2839 opus
668 2755 750 2817 illud
767 2757 800 2818 in
828 2757 1045 2819 consolatoriis
1067 2756 1157 2819 libris
1177 2779 1239 2820 non

195 2877 244 2928 est
261 2867 534 2947 enumerandum,
559 2869 598 2931 de
611 2864 729 2954 quibus'
740 2870 794 2933 hic
812 2873 908 2934 unice
927 2872 1061 2956 agimus.
1074 2867 1100 2956 ³)
1126 2873 1239 2957 Neque

172 3003 174 3007 ·
197 2980 326 3045 libellus
354 2982 519 3060 Lucioui,
540 2982 619 3066 περὶ
640 2980 785 3055 utrumn
806 2985 999 3068 inscriptus,
1031 2985 1096 3048 huc
1119 2997 1166 3048 est
1189 3007 1237 3048 rc·
1281 2978 1284 2983 ’

195 3095 369 3173 ferendus,
394 3098 515 3181 quippe
543 3118 608 3180 quo
628 3108 740 3161 auctor
754 3120 816 3160 non
836 3099 1021 3183 lugentibus
1041 3100 1236 3184 opituletur;

200 3311 405 3320 ι-Ἤ

231 3437 257 3514 1)
292 3454 359 3501 Plut.
381 3455 454 3502 Coae.
469 3454 503 3502 ad
515 3471 619 3503 uxorem
634 3472 658 3518 p.
676 3454 727 3503 609
743 3457 769 3503 Ε.
782 3488 813 3496 -
824 3455 871 3503 611
890 3458 917 3504 Ι).

230 3543 255 3609 2)
292 3548 382 3595 Dedere
398 3547 459 3596 huic
481 3549 649 3596 consolationi
668 3549 727 3596 fluis
752 3550 870 3612 videtur,
894 3566 973 3612 quum
993 3552 1130 3613 peruincit
1149 3553 1239 3615 proha·

195 3640 257 3702 hile,
274 3641 438 3690 Plutarchum
451 3643 486 3691 ita
500 3644 640 3707 abripuisse
656 3660 813 3706 sermonem,
830 3661 914 3707 neque
934 3662 1035 3693 uxorem
1055 3662 1124 3693 suam
1133 3684 1140 3708 ,
1161 3654 1237 3694 utne

194 3734 278 3782 luctui
295 3752 320 3782 te
337 3736 464 3799 traderet,
480 3738 573 3785 iterum
590 3739 667 3785 fuisse
682 3738 851 3786 adhortatum.

230 3826 255 3891 3)
292 3830 333 3876 De
351 3830 461 3893 Epicteti
488 3833 514 3879 in
546 3833 594 3880 hoo
618 3832 675 3880 loco
700 3833 797 3880 meritis
822 3833 870 3880 vid.
897 3834 931 3881 (ΙΙ.
961 3834 988 3880 D.
1008 3835 1030 3881 J.
1052 3850 1099 3880 van
1119 3835 1237 3899 Lenncp,

176 3923 269 3970 *Orat
289 3923 320 3970 do
333 3926 430 3986 praeci.
457 3928 525 3973 vitoe
550 3926 695 3989 praesidiis
715 3933 800 3974 contra
819 3927 876 3975 adv.
887 3927 1023 3986 fortunam
1049 3924 1128 3977 Amet.
1159 3928 1234 3978 1800.

192 4033 219 4080 p.
239 4015 272 4063 17
291 4034 345 4080 sqq.
