2648 4844
605 313 700 360 ‘Vl

167 502 277 542 meam
305 483 460 541 animam
481 501 547 560 pro
572 493 621 542 tot
648 485 824 564 tantisque
852 483 1035 564 benficiis,
1065 485 1202 568 quibas,

167 620 248 681 dnm
276 623 313 680 in
344 621 433 679 'ciois
461 616 567 702 fait,
605 641 656 678 me
688 619 864 680 camalcre
889 645 1063 705 reareqaam
1091 624 1202 685 desiit,

167 759 262 843 Quae
280 780 384 842 qaam
407 751 478 839 ipsi
500 761 625 819 testari
651 780 828 841 nequeam,
861 772 974 820 tamen
998 760 1060 822 leae
1082 785 1203 844 oppor-

167 900 334 974 tunitate,
353 895 438 980 qaid
453 909 683 981 quantamque
700 899 772 979 ipsi
788 896 936 974 debeam,
953 901 1109 974 reticere
1127 923 1203 961 eam

167 1059 240 1098 mea
259 1040 431 1120 mepietas
447 1057 530 1120 erga
548 1039 714 1119 optimam
729 1051 883 1120 patrem,
907 1050 981 1098 tam
988 1051 1115 1121 gratas
1127 1043 1201 1098 ani-

165 1197 243 1238 mus
269 1188 371 1237 cetat.
415 1172 534 1238 Tecum
561 1175 707 1253 ideirco,
729 1175 852 1260 frater
876 1175 1116 1253 dilectissime,
1147 1181 1202 1238 eni

166 1315 257 1378 idom
275 1318 366 1378 vitae
382 1315 473 1390 dna,
501 1313 591 1374 idem
613 1313 785 1375 benevolas
809 1328 839 1377 et
866 1319 1113 1400 integerrimas
1131 1329 1203 1377 sta-

166 1455 303 1519 diorum
314 1452 441 1538 fautor
464 1457 632 1539 contigit,
660 1458 783 1539 quique
802 1467 899 1517 taam
921 1472 1002 1539 erga
1031 1477 1105 1516 eam
1126 1459 1204 1537 pis-

168 1607 273 1656 tatem
292 1614 367 1654 eam
385 1595 522 1675 saepias
540 1593 800 1670 demonstrasti,
830 1607 903 1655 tam
926 1605 1005 1655 ante
1030 1595 1088 1654 lece
1116 1618 1202 1677 qna-

167 1733 367 1795 drienniam
400 1731 536 1814 publice
555 1729 734 1817 professae
758 1756 814 1803 es,-
858 1731 976 1793 Tecum
1004 1735 1139 1816 igitar,
1165 1746 1202 1794 at

166 1870 388 1956 satisfaciam
412 1870 601 1948 desiderio,
635 1864 739 1934 illias
772 1871 913 1932 recolere
941 1874 1140 1932 memoriam
1165 1893 1204 1931 ac

167 2008 400 2093 beneficiorum
417 2031 556 2071 cursum
573 2031 830 2071 commemorare
850 2011 938 2087 eolo,
959 2009 1047 2094 qnod
1061 2013 1203 2094 gratis-

167 2152 296 2211 simam
315 2148 408 2210 orbis
425 2149 537 2209 laetas
557 2172 625 2209 esse
640 2149 724 2210 solet
742 2149 916 2210 solatiam.

212 2287 283 2350 Est
299 2311 395 2364 sane,
421 2290 546 2370 optime
562 2287 702 2372 frater,
732 2287 820 2370 qaod
842 2288 938 2349 nohis
959 2288 1202 2372 gratulemar,

168 2425 273 2491 talem
288 2425 385 2488 nohis
395 2423 513 2509 feisse
526 2439 684 2510 patrem,
711 2428 772 2510 qni
794 2429 908 2490 omnia
938 2427 1122 2491 liberorum
1148 2449 1205 2490 sa-

169 2564 238 2630 teet
260 2577 484 2647 postponens,
520 2562 617 2626 nileil
645 2566 827 2648 antiquins
856 2563 995 2648 hahuit,
1036 2586 1138 2649 qaam
1163 2577 1203 2627 at

168 2726 239 2785 ees,
267 2726 349 2788 qnos
369 2716 579 2787 susceperat,
614 2702 811 2767 liberaliter
836 2703 998 2767 edaearet.
1037 2701 1072 2767 A
1088 2717 1203 2767 tenera
1269 2769 1272 2773 ,

168 2845 258 2907 enim
276 2855 386 2906 astate
405 2844 547 2926 optimis
566 2842 752 2928 quibasqnc
770 2845 957 2928 magistris
972 2865 1032 2905 nos
1056 2844 1203 2905 instita·

169 2979 266 3044 endas
293 2980 461 3061 tradidit,
484 2984 546 3066 qni
563 2994 719 3044 nostram
741 2995 771 3044 et
798 2985 976 3066 ingeni-am
998 2981 1201 3058 excolerent,

167 3134 199 3185 et
217 3144 294 3183 coro
313 3123 436 3197 etiam,
455 3118 543 3204 qaod
559 3119 655 3205 longe
672 3121 787 3205 majas
803 3119 959 3196 ducebat,
987 3092 1143 3184 animam
1158 3119 1205 3183 ad

167 3259 338 3324 colendam
363 3261 530 3324 virtatem
556 3257 799 3344 informarent.
846 3256 939 3324 Nam
974 3260 1209 3346 contemnebat⁴

92 3431 101 3448 ·
166 3420 296 3463 omnem
311 3397 520 3476 doctrinam,
538 3420 621 3482 qstce
639 3397 775 3461 nnllam
793 3397 927 3460 liaberet
944 3420 1077 3463 moram
1092 3402 1203 3463 cirta-

34 3591 37 3594 .
76 3547 80 3555 ‘
167 3541 279 3622 tisqae
295 3536 631 3613 commendationem,
656 3559 713 3615 ae,
738 3535 1001 3626 daoolPlatono,
1030 3537 1202 3603 educatio—

165 3698 239 3739 nem
259 3699 327 3740 esse
342 3675 506 3762 negabat,
530 3699 615 3761 qaae
635 3698 702 3739 non
717 3688 802 3740 esset
819 3665 906 3760 node
927 3666 1043 3760 ἀρετήν
1067 3661 1102 3738 ἐκ
1123 3672 1203 3737 aal-

165 3815 231 3878 δων
256 3815 405 3899 παιδεία,
438 3817 597 3882 ποιοῦσα.
613 3805 815 3902 ἐπιθυμητήν
839 3836 876 3878 τε
902 3813 956 3878 καὶ
983 3808 1117 3900 ἐραστήν
1142 3817 1201 3880 τοῦ

163 3950 297 4036 πολίτην
319 3951 470 4034 γενέσθαι
492 3952 608 4018 τέλεον.
657 3955 770 4039 Quam
786 3950 991 4019 sententiam
1007 3957 1080 4036 ipse
1098 3975 1203 4015 esem-
