2648 4844
641 351 683 412 95

139 536 252 609 titulo,
273 531 306 593 ‘rr'
325 520 455 614 ἄριστον
471 519 577 614 yrjporg
591 519 767 614 c'ipddrru·.¹)
794 531 940 592 Attamen
958 552 995 592 ex
1014 532 1081 613 ipsa
1095 530 1180 616 l'rag·

139 660 321 711 mentorum
340 644 479 719 ratione,
505 663 587 725 quae
605 642 657 705 lric
678 643 746 705 illic
763 643 803 704 ab
822 644 961 726 antiquis
979 644 1179 723 reseruntur,

139 785 203 825 non
223 757 408 822 exlllusonii
424 757 568 840 scriptis,
594 756 648 818 sed
670 758 773 839 potius
791 779 828 818 cx
848 756 1009 840 discipuli,
1031 757 1080 819 rel
1100 758 1180 821 alius

99 884 102 888 ’
141 874 327 947 cuiusdam,
363 858 697 955 cinopupmrar*paciscor
725 871 868 933 desumta
891 871 1058 950 ridentur,
1085 873 1181 957 quale

141 1011 221 1071 opus
251 986 290 1047 de
321 983 461 1046 lllusooio
484 983 637 1044 exstitisse
660 986 821 1062 novimus,
847 1007 864 1047 a
886 983 1020 1049 Claudio
1038 986 1181 1048 Pollione

141 1076 274 1165 fortasse
301 1094 565 1181 coriscriptum.2)
611 1099 700 1178 Quae
733 1101 757 1160 si
787 1100 830 1161 ita
856 1111 949 1176 sunt,
977 1109 1011 1160 ut
1033 1111 1079 1161 est
1104 1122 1182 1182 per-

143 1237 240 1300 quam
260 1211 446 1298 probabile,
472 1222 569 1272 totam
592 1212 720 1274 eiusde
743 1223 906 1275 senectute
929 1211 1181 1296 disquisitionem

142 1330 297 1392 Stobaeus
327 1348 365 1388 ex
392 1324 476 1387 libro
502 1313 836 1409 ‹inoprrprorerqrdrwv
865 1324 1067 1409 descripsisse
1094 1328 1181 1391 ride·

144 1456 215 1519 tur,
251 1462 351 1526 quum
382 1439 507 1500 initium
540 1436 647 1500 adesse
677 1449 820 1515 constet,
855 1462 961 1524 neque
992 1463 1100 1503 caussa
1123 1443 1180 1519 sit,

144 1578 244 1641 quare
275 1554 370 1616 finem
398 1553 427 1614 ei
456 1551 564 1614 adesse
592 1573 697 1635 neges.
733 1554 770 1614 ln
797 1553 976 1637 fragmento
997 1567 1104 1617 autem
1126 1557 1181 1618 illo

144 1670 304 1732 lllusonius
329 1667 395 1728 seni
426 1663 552 1727 cuidam
580 1667 722 1747 roganti,
769 1664 847 1749 quid
879 1668 1033 1749 optimum
1066 1669 1105 1729 sit
1134 1691 1183 1730 sc-

147 1783 281 1846 nectutis
310 1782 483 1855 riaticum,
513 1777 710 1859 respondisse
742 1780 951 1862 proponitur:
976 1770 1013 1841 cd
1035 1779 1090 1863 ζῆν
1115 1773 1182 1861 ὁδῴ

145 1897 195 1956 καὶ
221 1886 301 1954 nurci
322 1882 435 1978 priora,
470 1890 650 1976 significare
672 1904 778 1955 autem
797 1892 901 1970 illud,
927 1893 1047 1956 homini
1067 1914 1130 1955 non
1150 1895 1183 1956 in

116 2089 122 2096 ἱ
147 2005 463 2089 voluptatibus,-sed
482 2007 598 2067 virtute
621 2027 687 2097 esse
709 2006 889 2071 vivendum.
923 2005 1035 2087 Quoad
1053 2006 1184 2090 cupidi-

146 2119 224 2184 tates
247 2123 350 2197 enim,
374 2122 419 2182 sic
435 2120 561 2204 pergit,
586 2119 679 2182 bomo
702 2120 740 2183 ad
758 2133 874 2183 terram
894 2122 1050 2204 pertinet,
1077 2120 1184 2205 quoad

147 2238 279 2297 virtutes
300 2245 331 2296 et
350 2232 489 2296 indolem
507 2254 607 2310 suam,
628 2229 755 2314 μίμημα
771 2245 817 2295 est
835 2234 892 2297 rori
910 2236 1000 2295 aaut.
1025 2235 1066 2296 Ut
1084 2235 1184 2319 igitur

147 2351 219 2434 quis
251 2346 429 2410 secundum
446 2370 547 2411 suam
589 2358 733 2411 naturam
767 2349 869 2425 vivat,
907 2348 1056 2410 virtutem
1090 2349 1183 2410 unice

147 2463 274 2538 colere,
296 2461 490 2546 voluptatem
510 2483 583 2525 vero
603 2463 716 2546 sugere
732 2460 847 2539 debet,
872 2461 978 2545 prouti
1001 2462 1104 2539 Deus,
1127 2463 1183 2546 qui

148 2597 223 2660 prae
250 2576 421 2639 virtutibus
440 2578 503 2638 suis
521 2570 624 2660 deque
644 2576 806 2660 voluptate
827 2597 933 2659 neque
953 2574 1184 2658 cupiditatibus

146 2703 202 2753 aut
232 2690 351 2753 invidia
382 2701 519 2753 tenetur.
556 2690 650 2769 Quod
675 2690 700 2751 si
722 2690 939 2769 injuventute
962 2689 1032 2772 quis
1052 2689 1182 2765 fecerit,

146 2805 186 2867 ad
217 2814 414 2867 senectutem
448 2825 652 2887 progressus,
677 2825 740 2865 noo
762 2779 857 2885 aegre
890 2803 971 2866 seret
1007 2805 1183 2886 voluptates

147 2920 294 2996 amissas,
328 2940 433 3002 neque
456 2917 597 3000 corporis
626 2915 862 2992 infirmitatem,
898 2937 1003 3000 neque
1037 2900 1182 2992 caetera,

148 3053 231 3117 quae
243 3042 415 3108 vocantur,
434 3030 514 3094 mala
527 3080 535 3109 ,
548 3031 699 3116 quoniam
711 3029 742 3090 in
763 3049 796 3090 se
807 3031 875 3112 ipso
892 3030 1043 3112 optimam
1054 3029 1184 3091 babebit

147 3146 360 3220 medicinam,
390 3137 445 3228 τήν
465 3143 616 3207 παιδείαν
632 3136 688 3230 τήν
709 3132 927 3229 ὑπάρχουσαν.
962 3143 995 3205 Si
1015 3165 1089 3205 vero
1113 3143 1185 3227 quis

148 3261 181 3321 in
206 3259 374 3340 juventute
398 3258 459 3320 boc
488 3257 682 3341 neglexerit,
714 3277 806 3317 senex
838 3256 925 3319 adire
948 3259 1051 3340 potest
1081 3257 1186 3343 pbilo-

158 3629 160 3632 .
182 3584 209 3647 1)
245 3587 314 3636 Stob.
326 3586 395 3633 Flor.
414 3586 454 3633 tit.
471 3583 530 3647 117,
544 3584 561 3632 8
576 3585 619 3632 Ed.
636 3585 711 3631 Gaias.

183 3678 209 3742 2)
245 3681 364 3729 Pluribus
379 3681 428 3726 hoc
448 3680 550 3743 exponit
574 3680 600 3726 P.
620 3677 768 3727 Nieuwland
796 3679 908 3726 Dissert.
930 3677 960 3724 do
978 3679 1098 3725 Musonio
1120 3679 1188 3738 liufo

149 3775 210 3822 edit.
227 3789 241 3822 a
260 3774 328 3822 doct.
343 3775 490 3822 Venhuizen
506 3773 654 3836 Peerlkamp
671 3788 696 3835 p.
707 3770 740 3832 53
753 3788 808 3834 sqq.
830 3803 861 3810 —
879 3772 985 3818 Musunii
996 3776 1104 3818 aetatem
1119 3772 1187 3820 idem

150 3869 228 3915 refert
243 3868 274 3915 ad
290 3870 412 3931 Augusti,
432 3868 525 3915 Tiberii
543 3872 570 3912 et
589 3867 751 3928 sequentium
771 3867 956 3929 lmperatorum
973 3870 1085 3926 tempora
1101 3881 1125 3928 p.
1143 3863 1183 3912 10.

149 3961 234 4008 Cf.·de
245 3961 333 4008 eodem
357 3963 486 4009 Heerenus
503 3962 592 4008 Comm.
607 3959 711 4018 defont.
731 3961 809 4022 eclog.
828 3959 895 4006 Stol.
919 3959 945 4004 in
964 3958 1025 4006 edit.
1045 3973 1089 4005 sua
1107 3959 1133 4006 T.
1151 3960 1183 4006 ll.

150 4054 176 4101 P.
192 4055 225 4102 11.
242 4071 265 4117 p.
280 4053 339 4103 205.
