2648 4844
578 356 616 416 21

75 539 215 602 incitent
226 535 405 611 hominem,
419 534 466 596 his
478 534 618 621 denique
639 535 794 599 accedere
810 538 908 600 multa
930 540 991 602 alia
1014 537 1116 619 nraln,

77 673 165 737 qnae
187 651 383 712 extrinsecus
400 647 520 710 homini
537 648 705 728 accidant,
736 651 855 728 lanies,
890 663 1010 736 pestes,
1034 675 1118 739 quae

77 766 206 848 saepius
222 765 362 846 integras
374 761 536 824 devastent
553 763 704 828 civitates.
729 765 817 827 llalis
833 778 942 828 autem
961 767 1047 830 hisce
1059 819 1066 848 ,
1080 791 1116 832 er

78 881 149 961 ejus
161 875 332 952 sententia,
345 886 457 959 sponte
468 897 500 936 se
512 874 670 953 liberabit,
683 879 882 963 quicumque
894 880 1117 962 rebusjuenn·

78 992 134 1056 dis,
150 1012 214 1053 non
229 989 322 1052 nimis
341 987 520 1067 indulserit,
545 991 664 1074 quippe
684 1008 767 1075 quae
790 993 883 1055 citius
909 1007 1115 1073 evanescant,
1181 1003 1183 1007 ’

79 1124 179 1191 quaro
199 1103 361 1181 oriantur,
385 1120 534 1188 quaeque
550 1103 708 1183 efficiant,
742 1115 778 1167 nt
794 1107 920 1169 amissas
942 1102 1058 1169 deinde
1079 1130 1117 1172 eo

80 1220 181 1305 magis
214 1218 391 1302 lugeamus.
448 1203 562 1279 Πάιτα
587 1207 652 1302 yoip
675 1217 791 1295 τοῦτο,
843 1208 968 1282 deserti
997 1238 1032 1281 re
1066 1218 1119 1284 uod

80 1326 222 1414 ἀβέβαια
243 1320 392 1415 Ἐὐρίπου
413 1318 545 1415 τρόπον,
570 1323 601 1390 ἐν
622 1318 760 1402 editors*
774 1326 826 1393 >rel
838 1330 1000 1405 ποικίλαις
1021 1350 1115 1412 μετα.

78 1441 195 1526 βολαῖς
224 1429 371 1524 γινόμενα
397 1429 654 1526 παρειλήφαμεν·
684 1439 737 1503 καὶ
764 1433 857 1505 οὐδὲν
884 1435 989 1507 αὐτῶν
1009 1441 1117 1524 μένον,

80 1546 157 1620 odda*
182 1543 338 1637 οἷκίντμον,
373 1541 449 1613 οὐδὲ
477 1548 624 1630 βέβαιον,
659 1544 736 1615 odda*
758 1545 949 1640 durotparov.
1004 1556 1117 1620 Omnia

45 1724 46 1727 ,
80 1668 205 1732 idcirco
221 1687 283 1730 non
304 1665 437 1747 majori,
460 1665 514 1727 sed
537 1687 595 1728 sno
617 1667 720 1750 pretio
740 1660 883 1729 habenda
901 1680 996 1746 sunt,
1030 1670 1117 1754 quod

82 1784 109 1844 si
131 1783 203 1866 quis
226 1779 420 1864 neglexerit,
444 1780 619 1841 miserrime
637 1778 733 1864 deget
747 1780 905 1864 reliquam
924 1781 1029 1844 vitam.
1055 1783 1117 1846 Ac-

81 1895 189 1959 cidere
205 1905 312 1957 antem
328 1892 408 1955 illud
420 1894 477 1970 iis,
500 1894 556 1977 qui
576 1893 772 1971 liberorum,
798 1896 976 1976 pecuniae,
998 1899 1117 1961 amieo·

81 2023 192 2072 rumve
210 2007 410 2070 amissionem
439 2006 583 2089 plorent,
618 2011 675 2091 qui
697 2030 730 2069 se
760 2006 841 2070 solos
869 2010 999 2072 miseros
1023 2032 1116 2093 prae-

79 2122 208 2200 dicent,
231 2143 295 2183 non
313 2131 514 2202 reputantes,
535 2131 566 2182 et
587 2132 679 2183 antea
699 2132 731 2184 et
749 2136 835 2186 nnnc
853 2135 1016 2187 sexcentos
1039 2126 1118 2190 alios

80 2217 193 2298 iisdem
213 2233 348 2299 afflictos
370 2255 437 2296 esse
454 2233 700 2311 calamitatibus,
720 2244 750 2296 et
765 2234 862 2297 talem
880 2254 1004 2320 semper
1020 2238 1117 2302 fuisse

80 2369 272 2434 semperque
305 2347 375 2411 fore
406 2343 490 2410 vitae
524 2346 682 2412 humanae
713 2348 939 2414 conditionem.
996 2352 1117 2416 Solatio

80 2473 245 2548 praeterea
263 2482 349 2540 esse,
380 2462 406 2523 si
425 2472 609 2545 reputamus
631 2463 756 2546 saepius
778 2484 833 2541 ea,
866 2485 949 2548 quae
966 2465 1047 2528 mala
1070 2467 1135 2529 vi*-

80 2577 228 2655 deantnr,
251 2574 400 2660 prodesse
423 2575 623 2658 horninibus,
646 2576 763 2639 multos
783 2578 868 2641 enim
887 2599 915 2643 e.
941 2601 973 2662 g.
987 2592 1117 2664 propter

80 2693 227 2755 amissam
254 2689 424 2772 pecuniam
445 2711 463 2750 a
483 2690 608 2773 tyranni
628 2689 864 2773 praedonumve
893 2691 1018 2774 injuriis
1048 2715 1117 2756 esse

80 2807 243 2869 liberato&
289 2792 374 2865 odet
404 2792 465 2886 γὰρ
496 2797 595 2881 θέμις
617 2791 794 2886 ἄνθρωπον
815 2801 873 2883 μὲν
895 2794 972 2867 ὄντα
992 2799 1033 2868 τὰ
1054 2805 1119 2870 τοῖν

26 2926 30 2933 ’
80 2898 259 3001 ἀλλοτρίων
286 2903 512 2994 συμπτώματα
539 2901 669 2997 εὔφορα
693 2910 849 2991 νομίζειν,
887 2905 970 2975 ‹il-ld
998 2913 1050 2978 καὶ
1076 2910 1119 2980 eoi

81 3029 150 3092 ἴδια
168 3017 292 3106 ἱαοίδοα,
336 3013 446 3089 ἰδόντα
477 3016 528 3088 ὅτι
557 3021 677 3088 πολλοὶ
704 3023 801 3110 nepas·
825 3017 907 3088 need
932 3015 1038 3089 πάντα
1062 3018 1119 3090 τόν

80 3137 154 3219 βίον
175 3129 364 3226 πεφύκαιτι.
407 3140 524 3220 Quiete
542 3129 642 3224 igitur
664 3140 817 3216 vivemus,
840 3138 1043 3222 si'plorando
1065 3140 1118 3202 ni-

83 3253 129 3316 hil
149 3275 206 3317 nos
225 3251 400 3337 proficere,
432 3253 487 3321 sed
516 3254 622 3337 potius
643 3253 785 3317 animum
812 3255 846 3316 in
868 3252 976 3337 pejora
999 3253 1118 3317 ducere

82 3389 237 3430 memores
249 3416 257 3445 ,
269 3367 362 3430 'duee
382 3366 600 3450 philosophia,
629 3367 732 3445 mala,
753 3369 864 3450 utpote
882 3367 1040 3445 hnmana,
1066 3356 1117 3430 ‹lv-

81 3477 261 3564 θριοπίνως
275 3481 461 3558 tulerimus,
490 3492 695 3565 nostramque
714 3482 809 3544 vitam
829 3483 1118 3566 comparaverimus

128 3710 199 3772 Huc
222 3709 305 3772 redit
326 3708 501 3793 Hipparchi
525 3711 677 3772 sententia
701 3710 786 3794 apud
813 3708 995 3772 Stobaeum.
1033 3706 1118 3770 Nihil

81 3834 247 3907 praeterea
274 3822 313 3891 de
336 3825 403 3886 eius
424 3845 519 3907 opere
542 3835 650 3886 exstat.
686 3823 851 3906 Conjicere
869 3828 973 3887 tamen
989 3816 1065 3884 lieet
1086 3820 1119 3884 in

80 3937 144 4005 hoo
172 3938 256 4001 libro
278 3960 351 4001 eum
374 3961 505 4025 quoque
528 3939 610 4001 viros
632 3937 672 4001 ad
691 3936 880 4002 imitandum
900 3937 1118 4020 proposuisse,

81 4055 140 4136 qui
163 4074 277 4140 magna
298 4041 441 4135 εὐθυμία
459 4037 558 4116 'vitam
575 4065 606 4115 et
628 4052 766 4136 egissent
784 4063 820 4130 et,
835 4051 1018 4115 finivissent.
1053 4052 1119 4132 Re-
