2648 4844
588 300 685 366 ‘62

143 507 259 548 munus
281 484 457 547 consolanti
475 485 639 567 imposuit,
663 495 699 546 ut
717 487 889 548 moerentis
907 479 1050 550 animum
1072 498 1139 551 tum
1159 507 1176 551 a

143 600 233 663 malis
249 610 408 676 avocaret,
424 609 494 661 tum
505 596 545 660 ad
557 598 802 682 contemplanda
812 601 895 663 bona
907 583 1141 666 adhortaretur.
1150 599 1175 688 ι)

142 714 229 775 llaec
251 712 336 775 enim
357 712 455 795 ipsius
477 723 545 774 erat
567 712 742 776 sententia:
765 712 849 776 bona
865 713 1038 798 praeterita
1058 736 1123 779 non
1136 716 1177 778 ef-

144 825 245 889 fluere
260 826 408 909 sapienti,
420 826 504 888 mala
514 826 694 888 meminisse
705 847 779 889 eum
792 850 855 890 non
866 840 1026 912 oportere,
1033 825 1061 914 ²)
1085 841 1178 914 atque

142 942 186 1003 ita
206 941 451 1024 praeteritorum
473 940 629 1002 bonorum
659 941 809 1003 memoria
831 952 864 1004 et
885 943 1103 1026 praesentium
1124 965 1179 1006 co-

144 1055 318 1139 gitatione,
351 1055 415 1115 rim
437 1054 593 1117 malorum
618 1054 783 1116 confutare
802 1077 841 1118 ac
870 1056 1015 1118 minuere
1045 1056 1178 1121 studuit.

144 1170 312 1232 Praeterea
334 1170 378 1230 ita
399 1167 440 1229 de
467 1167 577 1230 dolore
600 1168 869 1245 ratiocinabatur,
899 1180 934 1231 ut
961 1190 1089 1232 neeesse
1116 1184 1180 1232 esse

143 1281 277 1359 diceret,
298 1302 458 1344 summum
480 1280 624 1343 dolorem
643 1280 737 1342 simul
761 1302 828 1343 esse
847 1281 988 1358 brevem,
1009 1281 1096 1345 unde
1118 1284 1180 1347 lae·

145 1397 233 1457 titiae
249 1396 332 1479 plus,
345 1416 442 1478 quam
460 1394 622 1456 molestiae
639 1393 754 1457 babeat
770 1394 941 1458 diuturnus
957 1395 1061 1474 dolor,
1081 1418 1181 1482 quum

142 1509 210 1570 eius
229 1506 480 1591 magnitudinem
499 1507 656 1583 celeritas,
680 1506 926 1571 diuturnitatem
942 1510 1091 1573 allevatio
1107 1532 1181 1575 con·

142 1623 273 1686 soletur.
287 1618 312 1707 ³)
347 1622 392 1685 De
412 1632 514 1684 morte
536 1631 645 1684 autem
668 1623 713 1685 sic
735 1623 917 1706 cogitabat,
952 1634 988 1685 ut
1010 1645 1080 1686 eam
1103 1623 1181 1687 nihil

141 1736 180 1800 ad
204 1760 258 1800 nos
278 1737 439 1820 pertinere
461 1736 609 1812 doceret,
642 1736 763 1819 quippe
787 1757 870 1820 quae
893 1758 1020 1801 omnem
1041 1738 1182 1800 auferret

141 1871 288 1928 sensum,
324 1841 342 1913 ὁ
370 1829 527 1923 θάνατός,
552 1849 597 1910 sic
626 1847 748 1929 ajebat,
783 1838 877 1912 οὐδὲν
903 1840 991 1935 πρὸς
1017 1839 1116 1934 ἡμᾶς·
1145 1840 1182 1911 ad

140 1955 201 2049 γὰρ
225 1958 379 2026 διαλυθὲν
401 1950 605 2045 ἂναισθητεῐ·
633 1952 671 2023 s'd
700 1957 737 2023 δὲ
764 1951 961 2046 ἆναίσθνμον
982 1950 1076 2023 οὐδὲν
1096 1951 1183 2046 πρὸς

139 2064 233 2158 ἡμᾶς.
246 2070 272 2158 ⁴)
298 2073 416 2137 Eadem
439 2094 570 2159 quoque
592 2074 648 2136 ille
667 2072 851 2137 consolandi
872 2074 993 2137 ratione
1012 2095 1088 2137 usus
1111 2083 1181 2150 est,

149 2272 354 2280 m—

176 2391 200 2456 1)
238 2396 288 2444 Cic.
307 2397 382 2444 Tusa.
401 2396 430 2452 Q.
448 2394 493 2443 111.
513 2393 554 2443 31.
573 2394 672 2458 injuste
691 2401 776 2442 autem
793 2395 880 2442 Cicero
898 2393 934 2441 ibi
949 2394 1086 2456 Epicurum
1106 2394 1180 2440 unice

139 2503 272 2551 corporeas
293 2488 436 2551 voluptates
455 2494 580 2550 spectasse
600 2488 681 2550 dixit,
709 2505 759 2550 qua
778 2488 809 2536 de
828 2502 854 2535 ro
875 2487 942 2536 sida.
962 2488 1032 2548 lliog.
1052 2488 1133 2536 beist.
1154 2488 1180 2536 X.

141 2579 198 2631 137.
218 2581 275 2631 Aul.
296 2581 361 2631 Gall.
377 2581 452 2628 Noai.
470 2582 524 2631 Ast.
541 2582 582 2631 Ill.
599 2580 623 2630 5.
641 2581 727 2643 ibique
744 2582 906 2645 interpretes.

174 2672 200 2735 2)
236 2675 331 2723 Clade
348 2675 424 2722 Finis.
443 2674 476 2724 11.
495 2673 536 2723 32.

173 2779 199 2845 3)
235 2785 285 2834 Cic.
313 2786 388 2833 Tusa.
410 2783 549 2842 ult-19.
577 2786 612 2834 cf.
635 2785 705 2846 lliog.
725 2785 805 2834 laert.
822 2785 851 2834 x.
873 2784 922 2834 tto
941 2785 1000 2833 ubi:
1021 2769 1058 2834 od
1078 2772 1180 2856 χρονί-
1243 2761 1245 2765 ¹

140 2874 187 2949 ζει,
204 2871 240 2937 sd
263 2871 370 2957 ἀλγοῦν
391 2877 523 2958 συνεχῶς
545 2875 577 2937 ἓν
598 2878 640 2962 τῇ
661 2876 759 2959 σαρκὶ,
783 2871 856 2937 ἄλλά
879 2872 916 2938 td
937 2873 994 2953 nir
1015 2869 1106 2956 ἄκρον
1128 2871 1180 2937 aab

139 2973 294 3059 ἐλάχιστον
315 2973 428 3062 χρόνον
449 2974 578 3061 πάρεστι.
603 2990 638 3038 Ct'.
657 2990 704 3036 bac
723 2990 754 3035 de
774 3005 801 3036 ro
816 2989 958 3037 Gnssendus
977 2990 1008 3036 de
1028 2989 1097 3052 pltil.
1115 2990 1180 3053 api-

139 3084 206 3143 ouri,
227 3084 258 3132 ll.
278 3101 302 3146 p.
322 3082 381 3131 276.

174 3171 198 3238 4)
234 3177 303 3224 Stoh.
329 3177 398 3225 Flor.
417 3177 457 3225 tit.
478 3175 537 3237 118,
557 3174 598 3226 30.
624 3176 668 3225 Ed.
687 3177 761 3226 Gaisl.
781 3207 812 3216 —
846 3178 919 3226 llnnc
938 3177 1111 3240 syllogismum
1129 3193 1180 3252 non
1236 3189 1237 3192 ’

145 3270 301 3335 procedere,
320 3270 396 3317 docet
413 3269 526 3317 lluretns
548 3271 604 3320 Ver.
623 3271 692 3320 Leot.
709 3270 726 3320 l.
743 3271 785 3320 xl.
802 3286 857 3334 cap.
878 3270 918 3322 16.
939 3270 993 3338 (Ed.
1009 3268 1112 3321 Ruunt.
1123 3271 1181 3321 Vol.

139 3366 172 3416 11.
196 3382 220 3429 p.
243 3361 303 3430 267)
322 3365 396 3413 cuius
415 3364 477 3413 haec
497 3370 557 3412 sunt
579 3364 669 3412 verba:
697 3364 777 3411 Illius
796 3366 865 3411 artis
886 3360 1057 3432 (dialectices)
1077 3366 1200 3430 ignaru

138 3462 207 3508 lione
224 3460 315 3507 ruebat
328 3461 358 3506 in
375 3458 500 3522 dicendo,
517 3473 640 3522 saepeque
659 3458 764 3521 aliquod
777 3459 888 3522 probare
905 3474 1066 3524 aggressus,
1091 3474 1122 3507 ea
1139 3475 1181 3507 su·

138 3555 234 3618 molat,
250 3554 344 3618 quibus
360 3553 477 3601 dalis‘ac
496 3553 639 3616 concessis,
658 3552 688 3599 id
703 3558 800 3616 tannen,
818 3552 884 3616 quod
894 3554 1004 3616 probare
1017 3554 1180 3616 instituunt,
1216 3541 1218 3544 ⁵

138 3663 187 3695 non
201 3646 401 3696 concluderetur.
423 3647 506 3704 Quale
526 3652 578 3707 est,
595 3643 662 3709 quod
672 3684 679 3710 ,
697 3662 753 3693 aum
771 3647 860 3694 dacore
878 3649 969 3710 uellet,
991 3653 1095 3694 mosim
1111 3649 1183 3706 nillil

140 3742 174 3787 ad
192 3758 237 3788 nos
251 3743 402 3804 pertinere,
421 3742 460 3788 ita
470 3741 695 3787 ratiocinabatur:
714 3723 732 3789 d
748 3723 881 3804 θάνὰτος
896 3725 984 3792 οὐδὲν
998 3724 1076 3813 πρός
1090 3724 1180 3812 ἡμᾶς·

140 3827 175 3891 sd
197 3827 253 3913 yolo
277 3831 421 3894 διαλυθὲν
443 3828 631 3914 ἀναισθητεῖ,
662 3828 698 3893 ro*
725 3829 760 3893 di
787 3828 973 3913 ἀναίσθητον
994 3828 1083 3893 οὐδὲν
1104 3828 1181 3916 apic

138 3927 228 4015 ἡμᾶς.
252 3946 341 4007 Neque
357 3948 423 3992 enim
437 3948 565 4009 sequitur,
584 3948 610 3992 si
618 3946 666 4008 id,
683 3945 750 4010 quod
760 3946 914 3993 dissolutum
929 3953 982 4008 est,
1002 3945 1079 3993 sensu
1089 3952 1179 4006 vacat,
1226 3922 1229 3928 ¹

138 4039 239 4086 idcirco
249 4039 331 4099 ipsam
344 4054 440 4101 qnoque
452 4041 646 4087 dissolutionem
654 4055 703 4086 non
711 4042 813 4090 sentiri.
828 4041 918 4103 Neque
929 4055 996 4087 mors
1009 4047 1050 4087 est
1062 4023 1100 4090 sd
1112 4029 1180 4089 dta-
