2648 4844
633 324 692 387 tlt

144 522 260 583 nemo,
283 507 339 567 nisi
359 517 465 566 merite
488 506 526 567 sit
545 513 675 589 captus,
701 528 817 590 negare
839 527 907 570 eam
919 508 1044 573 audeat.
1072 508 1182 575 Nullus

144 622 229 682 errim
252 619 344 682 dolor
375 631 439 682 tam
470 619 676 682 vehementer
704 622 828 684 cruciat
849 623 1008 700 animum,
1039 626 1183 710 quamsi

144 735 215 818 quis
235 756 290 796 sua
311 733 405 817 culpa
417 733 476 795 sibi
489 733 641 796 accidisse
653 734 864 798 calamitatem
877 749 984 821 putat,
1009 749 1040 800 et
1051 751 1159 800 contra
1174 785 1182 815 ,

143 859 179 910 ut
201 849 298 910 Poeta
319 849 455 924 cecinit,
479 846 531 910 hic
555 870 663 910 murus
686 860 732 910 est
748 848 887 913 aheneus

247 1001 316 1067 Nil
333 1008 481 1066 conscire
498 1005 568 1066 ribi
577 1054 584 1082 ,
610 1005 711 1068 nullo
721 1006 907 1088 pallescere
924 1006 1034 1091 culpo.
1050 1007 1075 1091 ¹)

85 1220 87 1225 -
141 1178 348 1261 Quantopere
367 1188 474 1240 autem
491 1176 570 1239 haec
590 1178 764 1241 consolatio
781 1178 821 1241 ad
839 1178 1021 1242 leniendum
1038 1180 1183 1244 dolorem

143 1291 267 1368 valeat,
295 1292 413 1375 optime
442 1290 553 1354 Cicero
585 1291 757 1369 indicarit,
792 1312 892 1377 quum
919 1293 959 1356 ad
986 1296 1182 1381 Torquatum

142 1426 236 1467 suum
256 1405 425 1467 scriberet:
461 1405 606 1482 ‚,fateor,
625 1425 676 1466 me
695 1408 912 1469 communium
930 1407 1088 1471 malorum
1107 1430 1182 1472 con·

142 1517 330 1580 solationem
353 1517 473 1580 nullam
492 1518 657 1595 invenire,
680 1531 806 1601 praeter
823 1520 928 1597 illam,
953 1543 1035 1606 quae
1057 1532 1181 1600 tamen,

143 1632 168 1692 si
195 1632 294 1715 possis
328 1653 397 1693 eam
417 1626 598 1715 suscipere,
628 1633 762 1694 maxima
783 1644 847 1710 est,
871 1655 999 1719 quaque
1021 1655 1081 1718 ego
1104 1653 1182 1720 quo·

141 1743 219 1806 tidie
242 1745 343 1829 magis
370 1755 463 1807 utor:
490 1746 717 1808 conscientiam
741 1757 847 1809 rectae
869 1748 1059 1826 voluntatis,
1083 1750 1182 1812 maxi·

141 1879 225 1921 mum
243 1857 489 1922 consolationem
507 1880 573 1920 esse
591 1880 700 1922 rerum
716 1851 1009 1939 incommodarum,
1030 1883 1090 1926 nec
1113 1884 1181 1925 esse

141 1972 245 2054 ullum
265 1993 419 2057 magnum
435 1970 572 2050 malum,
596 1985 723 2056 praeter
743 1974 906 2057 culpam.'’
921 1972 945 2058 ²)

178 2086 340 2149 Similiter
368 2086 549 2171 philosophi
576 2086 609 2149 in
642 2087 842 2150 consolandis
865 2089 1016 2166 senibus,
1042 2082 1181 2173 primu'm

141 2200 202 2262 sihi
220 2200 360 2262 officium
380 2223 446 2262 esse
463 2203 702 2278 existimarunt,
728 2213 764 2264 ut
783 2201 958 2279 docerent,
984 2215 1182 2266 senectutem

141 2335 205 2375 non
238 2324 363 2377 tantum
396 2336 482 2392 esse,
519 2326 677 2399 quantum
706 2314 889 2392 videretur,
923 2316 1054 2379 malum.
1079 2315 1182 2402 quue

140 2429 287 2505 iuncus,
310 2439 346 2491 ut
370 2448 466 2511 supra
488 2427 645 2505 vidimus,
671 2429 800 2512 egregia
826 2428 903 2491 fecit
933 2429 1067 2492 ratione.
1100 2429 1180 2493 Cum

139 2541 226 2603 enim
256 2552 403 2626 senectus
433 2553 602 2626 propterea
632 2542 665 2603 in
696 2541 805 2625 primis
832 2536 936 2604 minus
954 2541 1101 2623 jucunda
1120 2542 1181 2605 ha-

139 2653 275 2732 beatur,
300 2654 388 2739 quod
410 2677 537 2718 sensum
560 2656 732 2739 voluptatis
761 2654 880 2718 homini
907 2657 1035 2718 auferre
1059 2656 1177 2734 soleat;

140 2767 202 2830 hoc
229 2768 298 2851 ipso
319 2790 394 2831 usus
416 2780 484 2846 est,
508 2781 545 2831 ut
568 2790 637 2832 eum
659 2791 852 2854 magnopere
874 2769 1179 2854 expetendamfpro-

140 2893 284 2964 poneret.
319 2882 453 2945 Animus
485 2882 570 2944 enim
601 2880 780 2958 humanus,
815 2883 875 2959 ait,
899 2883 1057 2967 principio
1080 2905 1179 2966 purus

139 3002 238 3081 atque
277 2994 425 3081 integer,
455 2997 576 3082 quippe
605 2996 729 3060 divinae
756 3008 910 3075 naturae,
947 2995 1178 3080 cupiditatibus

139 3108 256 3172 deinde
274 3109 449 3193 polluitur,
468 3131 551 3195 quae
568 3123 720 3196 tanquam
735 3111 861 3174 Sirenes
877 3110 1176 3194 arripiuntjuvenes

139 3234 172 3286 et
194 3223 233 3287 ad
253 3224 387 3308 pessima
403 3245 552 3310 quaeque
570 3224 713 3289 trahunt.
739 3226 779 3288 ht
797 3247 870 3289 vern
888 3236 1085 3288 senectutem
1102 3225 1178 3288 illae

139 3335 227 3400 adire
257 3359 320 3399 non
346 3319 486 3414 audent,
512 3325 613 3401 ὁπότε
639 3335 697 3421 τῆς
723 3333 781 3416 μὲν
810 3335 918 3419 ψυχῆς
944 3327 982 3399 τὸ
1011 3325 1178 3417 ἀλόγιστον

143 3542 314 3553 Ἣ-.-
337 3544 346 3549 .-

175 3656 199 3720 l)
235 3658 293 3706 Hor.
311 3656 397 3724 Epist.
417 3656 434 3707 l.
455 3659 472 3707 l.
491 3659 534 3722 Ep.
546 3654 565 3708 l.
576 3673 612 3707 vs.
622 3652 663 3706 60.
676 3654 824 3719 -Egregie
843 3662 928 3704 sutem
949 3650 1015 3703 llant
1033 3651 1176 3721 Anthropo-

128 3751 208 3816 'logie
218 3767 242 3813 p.
254 3749 311 3800 181:
324 3752 366 3798 ein
379 3751 467 3813 Uebel,
477 3751 560 3798 daron
569 3752 626 3799 eine
627 3736 730 3812 frerndo
743 3752 854 3798 Ursoohe
863 3749 956 3797 sebuld
961 3751 1012 3810 ist,
1032 3750 1173 3811 sohment,

138 3844 200 3891 eber
218 3859 303 3892 weron
320 3859 379 3891 neon
396 3845 478 3892 selbot
488 3845 582 3892 sohuld
595 3847 646 3905 ist,
663 3845 763 3892 terrete
780 3846 833 3891 uod
851 3844 957 3909 sohldgt
970 3843 1069 3890 oieder.

173 3935 199 3999 2)
234 3939 285 3987 cic.
306 3939 390 4001 Epist.
417 3939 451 3985 od
466 3940 528 3988 Dio.
549 3940 565 3988 l.
585 3939 628 3988 Vl.
649 3941 691 4002 ΕΡ.
709 3937 733 3988 l.
752 3940 786 3988 Gl.
804 3940 867 3987 lbid.
888 3939 931 4000 up,
949 3936 965 3982 3
983 3943 1009 3983 et
1025 3935 1065 3986 21.
1087 3939 1170 4000 Epist.

138 4032 172 4077 od
190 4032 243 4077 Ate.
263 4032 279 4079 l.
300 4031 341 4078 lll.
361 4033 404 4092 llp.
424 4030 448 4077 2.

913 4119 967 4176 lli.
