2648 4844
634 328 695 389 103

141 511 259 573 bantur
282 506 425 584 exsules,
461 506 510 567 vel
531 507 677 570 universe
697 505 737 569 de
760 506 870 570 exsilio
894 508 936 568 ita
958 508 1113 592 agebant,
1148 519 1183 570 ut

143 645 204 685 uon
221 643 370 706 magnam
388 620 478 683 illam
497 640 564 681 esse
587 620 801 684 calamitatem
821 619 1084 685 demonstrarent.
1129 620 1130 623 ’

186 737 310 799 Primus
342 745 449 797 autem
479 754 517 795 ex
546 731 595 794 his
616 733 841 797 memorandus
870 745 917 796 est
952 732 1061 811 Telos,
1089 735 1183 797 cuius

140 846 221 934 περὶ
243 847 355 933 φυγῆς
371 847 445 910 libri
464 846 537 909 satis
559 847 702 931 amplum
720 847 935 932 fragmentum
953 848 1086 910 servavit
1111 847 1183 911 Sto-

141 962 251 1024 baeus
267 955 292 1045 1)
319 961 398 1040 Quis
418 982 492 1023 vero
511 960 566 1022 ille
586 972 617 1023 et
629 960 714 1023 unde
730 961 846 1038 fuerit,
864 962 1048 1045 ignoramus
1067 959 1181 1038 hodie;

142 1075 298 1138 sententia
320 1075 406 1135 enim
431 1095 561 1152 eorum,
574 1075 641 1158 ‚qui
663 1096 736 1137 eum
758 1074 995 1159 Pythagoreum
1015 1075 1181 1153 fecerunt,

142 1188 232 1250 nulla
254 1187 446 1249 auctoritate
468 1187 591 1252 nititur.
605 1183 631 1271 ²)
668 1187 753 1253 Illud
776 1198 881 1250 tamen
904 1209 941 1250 ex
968 1187 1037 1250 eius
1059 1188 1184 1272 scriptis

143 1301 225 1364 effici
243 1312 368 1384 potest,
391 1301 458 1362 eius
476 1310 613 1364 aetatem
632 1302 665 1362 in
687 1311 831 1385 tempora
850 1301 1003 1384 Stilponis
1028 1312 1058 1363 et
1077 1302 1183 1364 Ptole-

141 1415 224 1495 maei
239 1414 358 1476 Soteris
379 1412 548 1492 incidisse,
573 1435 675 1499 quum
698 1414 880 1498 philosophi
901 1414 1007 1492 itlius,
1031 1426 1183 1500 tanquam

140 1527 284 1612 aequalis
296 1526 364 1604 sui,
388 1527 581 1589 mentionem
599 1527 715 1605 faciat,
741 1527 874 1612 eiusque
893 1527 933 1590 de
955 1528 1065 1592 exsilio
1087 1529 1183 1591 rerba
1239 1599 1244 1611 ,

135 1641 242 1703 fusius
274 1650 421 1724 exponat.
441 1635 467 1726 ⁸)
522 1640 776 1724 Argumentandi
809 1652 916 1704 autem
943 1642 1010 1703 eius
1041 1642 1121 1704 ratio
1151 1642 1183 1702 in

143 1729 323 1839 fragmento
335 1753 421 1837 apud
433 1754 615 1831 Stohaeum,
629 1753 674 1816 sic
686 1753 754 1816 fere
766 1752 923 1839 procedit.
947 1755 1113 1831 Exsilium,
1125 1755 1181 1831 ait,

141 1853 243 1952 quare
266 1867 386 1930 malum
404 1866 611 1931 diceremus?
641 1867 738 1931 Nulla
755 1868 839 1930 enim
858 1868 940 1930 bona
959 1887 1066 1952 neque
1085 1867 1180 1929 animi
1236 1923 1239 1927 .

141 2002 247 2066 neque
265 1982 407 2066 corporis
426 1982 547 2059 aufert,
571 1991 602 2042 et
617 1980 723 2066 quoad
743 2003 818 2064 opes
834 1992 931 2066 atque
949 2003 998 2044 res
1015 1992 1182 2059 externas,

141 2094 236 2157 multi
259 2116 315 2178 per
337 2095 485 2157 exsilium
503 2095 669 2157 meliorem
697 2096 782 2159 nacti
801 2105 875 2159 sunt
898 2095 1090 2182 fortunam,
1103 2106 1182 2157 teste

141 2208 281 2293 Lycino,
300 2208 375 2294 qui,
400 2208 546 2293 quamvis
566 2208 657 2271 exsul
668 2229 705 2270 er
723 2209 835 2286 ltalia,
856 2209 930 2271 urbi
949 2219 1075 2272 nostrae
1092 2229 1183 2290 prae-

140 2321 221 2399 fuit,
250 2321 383 2384 testibus
405 2320 661 2405 Hippomedonte
678 2320 949 2398 Lacedaemonio,
973 2319 1184 2386 Chremonida

141 2445 174 2497 et
196 2433 363 2499 Glaucone
385 2434 655 2512 Atheniensibus,
687 2435 744 2519 qui
767 2433 924 2499 senatoria
945 2433 1032 2516 apud
1059 2455 1114 2497 nos
1136 2433 1184 2496 di·

140 2547 264 2631 gnitate
284 2547 437 2632 gaudent.
463 2550 509 2611 Ac
530 2549 606 2612 licet
623 2548 722 2611 exsuli
743 2548 868 2631 saepius
884 2547 1006 2631 privata
1025 2549 1065 2610 sit
1086 2570 1183 2632 agen-
1279 2546 1281 2550 ’

140 2658 181 2723 du
201 2660 286 2742 sita,
310 2682 366 2724 sua
388 2673 495 2725 tamen
514 2662 628 2746 peritia
647 2652 680 2723 in
703 2661 850 2724 omnibus
863 2660 976 2738 rebus,
1001 2673 1063 2725 tam
1075 2659 1184 2723 dome-

140 2824 229 2832 ..η-...η
248 2825 307 2831 -,---
315 2825 345 2831 ..-

177 2889 204 2957 1)
240 2894 309 2942 Stob.
330 2895 399 2943 Flor.
417 2893 457 2940 tit.
475 2889 524 2956 40,
540 2891 564 2940 8.
1225 2948 1229 2960 Ι

175 2984 202 3052 2)
238 2989 308 3035 Inter
327 2988 498 3051 Pythagoreos
517 3003 576 3033 eum
592 2992 710 3042 recenset
725 2987 854 3036 Fabricius
876 2987 946 3041 batt.
970 2988 1014 3034 Gr.
1042 2987 1098 3058 Vol.
1119 2988 1138 3034 l.
1158 3003 1183 3050 p.

139 3080 209 3145 523,
234 3083 276 3130 cui
300 3082 489 3144 adstipulantur
511 3082 609 3145 Lipsius
631 3087 657 3128 et
679 3081 839 3144 Rnhkopfius
858 3082 889 3128 ad
911 3082 1020 3129 Senecae
1036 3081 1134 3144 Consol.
1152 3081 1187 3127 ad

140 3177 217 3224 Helo.
237 3193 260 3223 c.
277 3174 303 3234 9.
321 3176 415 3238 Quodsi
427 3191 515 3236 revera
525 3177 574 3223 fuit
588 3177 760 3238 Pythagoreus
777 3176 926 3239 disciplinae
938 3176 1079 3238 studiosus,
1093 3177 1184 3223 mirum

139 3286 215 3333 sane,
227 3245 393 3318 alamblicho
405 3284 464 3316 eum
477 3285 528 3317 uon
540 3270 567 3317 iu
581 3269 696 3331 catalogo
709 3270 923 3331 Pythagoreorum
942 3271 1007 3334 (cap.
1022 3270 1069 3317 ult.
1087 3269 1117 3317 do
1131 3271 1184 3316 vito

138 3360 263 3428 Pythag.)
280 3363 422 3415 memorari.

174 3454 201 3519 3)
238 3458 268 3510 ln
283 3459 425 3520 fragmento
440 3457 508 3507 euim
521 3457 621 3508 Stohaei
633 3456 712 3505 dicit:
740 3439 778 3505 td
800 3444 855 3507 τοῦ
875 3441 1063 3518 Sall-umbe,
1091 3440 1110 3505 d
1135 3444 1184 3505 καὶ

138 3571 188 3635 πρ
199 3541 276 3630 ιόην
296 3544 407 3613 εἰπόντι
422 3544 513 3630 λέγειν
529 3547 621 3632 φησίν
635 3571 695 3610 m.
705 3551 746 3622 t.‚·
758 3557 912 3604 tumetium:
929 3550 1057 3620 Λυκῖνος
1079 3543 1184 3620 ἐκεῖνος
1282 3581 1289 3589 =

140 3645 256 3736 odnuo'
270 3645 365 3733 ἡμῖν
387 3645 527 3734 ἐφρούρει
544 3645 641 3733 φυγάς
663 3645 705 3711 ὢν
726 3648 758 3712 ἐκ
780 3649 834 3732 τῆς
855 3645 986 3723 Ἰταλίας,
1008 3642 1184 3726 πιστευόμε-

139 3775 190 3827 νος
201 3747 434 3835 παρ’Ἀντιγό
442 3776 504 3838 sgr,
514 3778 541 3820 et
551 3771 627 3835 paulo
640 3772 759 3818 interius:
775 3745 955 3830 Ἱππομέδων
987 3743 1005 3810 ό
1036 3749 1079 3810 νῦ
1086 3774 1102 3810 ν
1134 3748 1184 3814 ἐπὶ

141 3849 268 3938 Θράκης
286 3848 503 3934 καθιστάμινος
524 3849 584 3916 sind
607 3851 870 3932 Πτολεμαίου.
893 3865 938 3912 etr.
957 3863 1179 3927 Wyttenhbisp.
1232 3881 1234 3884 ⁴

141 3959 173 4006 de
188 3965 256 4006 anet.
275 3959 340 4006 titre·
354 3958 385 4006 do
395 3973 533 4022 puerorum
549 3958 648 4006 educat.
658 3959 686 4006 iu
697 3959 789 4022 Opusc.
800 3958 856 4009 Vol.
868 3958 888 4006 1.
907 3974 931 4022 p.
943 3954 1008 4019 4⁷6,
1026 3965 1052 4006 et
1061 3959 1185 4007 Welclar

145 4040 277 4100 Proditus
295 4061 349 4098 vota
365 4052 433 4099 Keos
448 4053 552 4118 (Blasio.
570 4054 688 4102 Muscam
703 4052 759 4100 Vol.
774 4051 793 4099 Ι,
812 4067 836 4114 p.
846 4047 916 4113 606).
