2648 4844
649 311 688 371 19

148 490 357 574 explicuerit,
375 511 416 552 an
435 491 469 551 in
490 484 601 572 κέρατι
622 477 806 567 ἆμαλθείας
824 492 932 555 brevia
955 503 1078 556 tantum
1095 516 1186 578 prae-

148 615 241 688 cepta
260 602 402 681 dederit,
423 604 573 669 affirmari
592 609 721 691 nequit3
743 618 938 692 postremum
961 618 1066 669 tamen
1086 611 1187 694 magis

146 730 193 781 est
227 719 293 780 veri
324 728 594 797 consentaneum,
619 742 727 806 quum
757 722 825 783 lere
858 721 962 783 olnnia
989 720 1184 799 Democriti,

145 843 308 917 quotquot
330 843 469 910 exstant,
490 833 687 919 fragmenta,
710 836 899 897 sententiosa
917 835 979 896 siut
991 833 1185 921 dictaatque

146 947 213 1029 ipse
233 947 338 1030 operis
358 946 470 1009 titulus
493 946 526 1008 id
545 947 688 1009 indicare
708 947 863 1010 videatur.

188 1060 404 1141 subjiciamus
437 1059 515 1124 huic
548 1060 784 1145 Hippoi-elram
817 1060 1076 1146 Pythagoreum,
1120 1085 1184 1126 non

146 1165 314 1258 propterea
344 1175 432 1260 quod
461 1186 564 1237 aetate
594 1177 756 1259 proximus
779 1177 818 1238 sit
839 1175 1040 1254 Democrito,
1074 1176 1185 1240 floruit

144 1289 230 1350 enim
242 1299 385 1372 tempore
404 1287 524 1373 Lysidis
537 1299 568 1350 et
579 1288 835 1372 Epaminondae,
858 1288 913 1351 s‘ed
926 1288 1013 1374 quod
1030 1289 1085 1351 ille
1098 1310 1183 1375 quo-
1241 1281 1245 1288 ¹

145 1422 209 1486 que
241 1401 282 1464 de
312 1402 409 1464 animi
439 1402 672 1486 tranquillitate
702 1403 926 1486 conscripserit
957 1403 1094 1481 librum,
1126 1406 1184 1488 qui
1254 1431 1257 1436 ’

149 1525 254 1578 tamen
269 1517 422 1603 temporis
434 1515 552 1597 injuria
568 1528 707 1579 nostram
729 1538 793 1579 non
814 1516 893 1578 vidit
916 1526 1061 1580 aetatem.
1095 1518 1182 1598 Quo-

146 1631 249 1693 minus
266 1651 341 1692 vero
358 1641 461 1693 totum
481 1629 735 1692 desideraremus
753 1652 848 1714 opus,
871 1631 948 1692 lecit
960 1630 1102 1693 studium
1111 1632 1183 1694 Sto-

146 1743 234 1822 haei,
266 1745 323 1829 qui
345 1746 419 1807 satis
442 1744 584 1828 amplum
604 1745 671 1807 eius
691 1743 781 1806 nohis
801 1744 935 1806 servavit
954 1744 1181 1827 fragmentum,

145 1857 231 1943 quod
254 1859 288 1919 in
310 1858 382 1922 loco
405 1857 617 1921 consolatorio
640 1858 774 1920 maxime
796 1869 949 1920 versatur.
975 1853 1000 1940 1)
1034 1858 1183 1919 Attamen

145 1983 179 2034 ut
200 1972 240 2034 de
252 1973 367 2034 ceteris
380 1970 654 2056 Pythagoreorum
676 1971 820 2055 reliquiis
831 2019 840 2048 ,
853 1972 897 2033 ita
910 1991 1042 2054 quoque
1054 1968 1093 2032 de
1105 1972 1183 2055 Hip-

143 2085 255 2170 parchi
272 2086 455 2170 ·lragmento
468 2083 552 2169 apud
574 2084 767 2162 stobaeum,
792 2106 869 2146 num
892 2085 1069 2169 genuinum
1081 2094 1181 2161 esset,

143 2198 333 2262 dubitarunt
353 2200 414 2262 viri
433 2198 538 2278 docti,
563 2219 665 2283 quum
686 2199 720 2259 in
741 2198 779 2259 iis
804 2197 956 2260 nonnulla
983 2198 1180 2274 invenirent,
1276 2213 1278 2217 ·

142 2335 313 2399 quaecum
330 2313 477 2376 doctrina
494 2311 790 2398 Pythagoraehaud
810 2321 1035 2396 congruerent.
1047 2307 1072 2395 2)
1087 2311 1181 2390 Quod

142 2428 200 2490 etsi
234 2426 274 2490 de
296 2429 409 2491 ceteris
440 2449 551 2490 verum
585 2427 645 2502 sit,
679 2425 719 2488 de
744 2422 929 2509 Hipparcho
951 2434 1057 2486 tamen
1086 2425 1182 2507 plane

140 2540 291 2603 affirmari
310 2542 439 2625 nequit,
458 2561 555 2625 quem
568 2561 584 2602 e
597 2538 705 2602 schola
717 2537 916 2624 Pythagorae
929 2536 1067 2620 ejectum
1083 2538 1180 2600 luisse

141 2653 296 2739 legimus,
319 2655 396 2739 quia
408 2655 525 2738 placita
536 2654 680 2738 magistri
690 2653 810 2736 scripto
827 2651 1030 2714 mandaverat
1050 2661 1080 2712 et
1093 2671 1179 2713 oom-

138 2770 358 2832 municaverat
380 2790 454 2832 cum
476 2759 657 2830 hominihus
678 2788 740 2829 non
770 2767 830 2828 rite
859 2765 999 2853 initiatis.
1014 2761 1039 2849 3)
1075 2765 1180 2827 Facile

139 2874 241 2959 igitur
259 2874 314 2936 ille
333 2872 449 2937 deinde
470 2873 518 2933 vel
541 2871 771 2954 Peripateticae
790 2870 840 2931 vel
852 2870 906 2931 alii
915 2869 1178 2952 philosophorum

140 2997 247 3051 sectae
264 3009 392 3073 operam
413 3008 547 3062 navare,
571 2995 668 3069 atque
688 2985 730 3046 ita
748 2983 822 3045 talia
842 2984 875 3044 in
895 2983 1022 3065 scriptis
1035 2983 1178 3064 prolerre

141 3102 263 3186 potuit,
292 3123 375 3185 quae
398 3099 586 3187 ceteroquin
609 3121 682 3162 cum
706 3096 905 3182 Pythagorae
932 3094 1057 3179 placitis
1074 3094 1178 3156 minus

174 3264 201 3329 1)
236 3269 305 3316 Stoh.
320 3269 389 3316 Flor.
407 3269 447 3315 tit.
462 3266 527 3331 108,
543 3266 585 3316 81.
602 3268 646 3315 Ed.
666 3265 741 3312 Gaias.

174 3358 200 3424 2)
236 3363 310 3410 vidd.
336 3363 450 3410 Brucker
473 3363 543 3410 Hist.
559 3363 617 3408 crit.
632 3360 697 3423 phil.
716 3360 735 3406 I.
757 3374 781 3420 p.
797 3354 873 3402 1102.
899 3357 1005 3404 lleiners
1026 3356 1115 3401 Gesclr.
1132 3355 1178 3400 der

143 3457 222 3503 Wiss.
238 3456 258 3504 1.
277 3473 301 3519 p.
326 3454 385 3504 601.
411 3438 493 3504 Ritter
521 3457 610 3502 Gesolr.
637 3455 683 3502 der
708 3453 784 3514 Pyra.
808 3451 877 3498 Phil.
895 3466 918 3511 p.
942 3449 975 3495 63
994 3465 1049 3508 sqq.
1077 3454 1103 3493 ot
1128 3450 1176 3493 Gr·
1221 3445 1224 3451 '

141 3551 192 3597 solt.
211 3551 257 3598 der
279 3550 350 3596 Phil.
368 3551 423 3597 Vol.
443 3550 461 3596 l.
480 3566 503 3612 p.
524 3549 575 3597 359
593 3565 631 3610 sq.
856 3604 862 3612 „

173 3640 199 3703 3)
234 3644 325 3692 Jamhl.
351 3644 381 3690 de
407 3644 452 3690 eit.
477 3644 551 3704 Ppth.
573 3641 606 3688 75
631 3647 787 3689 narreteum
804 3656 818 3686 a
837 3639 923 3701 Lyside
940 3638 985 3684 hac
1005 3636 1036 3682 de
1053 3651 1078 3680 re
1097 3635 1174 3680 luisse

141 3713 340 3801 reprehensum,
365 3753 394 3784 ac
421 3737 514 3785 deinde
539 3753 553 3783 e
575 3737 661 3784 schola
686 3736 813 3798 ejectum,
838 3749 852 3780 a
877 3730 1039 3794 Pythagoreis
1055 3734 1173 3789 tauquam

141 3837 267 3879 mortuum
283 3833 359 3880 luisse
378 3832 492 3880 habitum
506 3831 605 3894 ipsique
621 3832 814 3877 monumentum
827 3827 903 3874 luisse
912 3827 1084 3882 exstructum,
1097 3837 1171 3883 quam

140 3925 353 3988 Pythagoreorum
368 3925 579 3974 consuetudinem
593 3923 710 3986 pluribus
723 3922 801 3968 refert
820 3921 887 3967 idem
899 3918 940 3966 74.
958 3919 993 3966 Cl.
1010 3902 1087 3965 cle'm.
1102 3916 1171 3962 hler.

139 4018 156 4065 l.
173 4021 202 4067 V.
219 4020 310 4067 Strom.
324 4037 349 4083 p.
362 4018 420 4066 575.

911 4055 952 4159 a,
