2648 4844
696 305 738 366 66

198 485 238 549 de
256 485 382 547 fortuna
400 483 522 547 dotum
544 494 739 545 memoretur
758 484 798 545 ab
816 483 977 566 antiquis:
1003 483 1175 566 occupavi
1191 497 1238 563 tc,

191 597 362 684 fortuna,
382 609 483 682 atque
503 599 576 679 cepi
585 647 591 672 ,
616 618 790 681 omnesque
807 596 925 659 oditur
937 609 1017 659 tnor
1034 596 1240 675 nsterelnei,

200 724 237 773 nt
263 710 309 771 od
332 732 383 772 inc
406 709 589 793 adspirare
609 732 673 771 non
694 731 815 792 posses.
828 706 853 793 1)

675 1005 693 1087 ς
726 1004 758 1064 r.

265 1194 451 1280 Diogenes,
475 1190 670 1270 Cleanthes,
706 1190 935 1274 Chrysippus,
960 1189 1172 1270 Panaetius,

512 1311 740 1387 Posidonius,
764 1308 924 1375 Galenus.

240 1553 355 1622 Veniat
384 1552 542 1638 Diogenes
570 1534 727 1638 Cynicus,
762 1551 818 1636 qui
839 1542 959 1613 librum
990 1547 1070 1637 περὶ
1090 1538 1238 1618 uesicis

195 1667 339 1753 scripsit,
373 1666 398 1728 si
427 1687 499 1728 vere
520 1666 549 1727 ei
569 1666 756 1729 tribuuntur
789 1664 926 1747 scripta,
960 1684 1042 1748 quae
1068 1685 1086 1726 a
1110 1664 1237 1727 Lairtio

194 1791 411 1846 recensentur.
425 1776 451 1863 2)
476 1779 570 1842 Liber
587 1790 694 1841 autom
715 1779 788 1855 hic,
816 1787 852 1839 ut
865 1788 990 1840 caetera
1011 1777 1079 1839 eius
1098 1778 1236 1861 scripta,

193 1894 289 1980 periit
310 1904 416 1970 totus,
447 1903 483 1955 ut
505 1891 642 1954 adeone
669 1889 854 1972 conjectura
888 1889 970 1952 effici
1003 1870 1120 1974 possit,
1153 1912 1237 1975 quae

193 2008 261 2070 eius
283 2007 381 2069 fuerit
410 2005 501 2068 ratio.
548 2005 660 2088 Neque
683 2004 797 2080 etiam,
830 2003 912 2087 quae
935 2001 1030 2065 huius
1052 2001 1236 2088 philosophi

193 2116 291 2183 fuerit
303 2117 342 2180 de
354 2128 456 2180 morte
480 2116 644 2194 doctrina,
665 2117 848 2178 animumne
861 2115 1028 2178 mortalem
1040 2114 1173 2194 dixerit,
1195 2140 1235 2181 an

193 2242 417 2316 postmortem
437 2241 559 2292 exstare
587 2240 617 2291 et
634 2229 740 2291 virere
761 2230 940 2306 censuerit,
969 2241 1102 2293 constat.
1139 2229 1235 2311 Quod

192 2345 276 2406 enim
300 2344 368 2407 eius
396 2343 534 2407 refertur
565 2343 709 2420 dietum,
738 2343 795 2405 nil
815 2367 880 2406 sno
908 2346 1085 2420 interesse,
1116 2357 1235 2407 ntrnm

192 2432 478 2541 sepeliretur,¹nn
495 2481 515 2519 α
531 2456 628 2543 feris
648 2457 859 2535 laniaretur,
892 2459 1014 2542 qnippe
1041 2456 1139 2519 nihil
1162 2482 1234 2520 sen·

194 2572 263 2633 tiri
283 2593 304 2632 a
323 2582 475 2649 mortuo,
497 2581 529 2632 et
551 2590 757 2653 responsum,
782 2569 869 2654 quod
892 2571 1124 2655 interroganti,
1149 2593 1233 2635 mors

194 2692 314 2746 essetne
332 2683 472 2761 malum,
494 2682 600 2745 dedit:
622 2681 782 2767 quomodo
798 2683 1000 2762 malamort,
1020 2687 1118 2746 eninr
1130 2708 1234 2770 prce-

192 2798 302 2858 sentis
326 2793 447 2857 nulius
477 2809 526 2859 est
552 2791 729 2882 seosostr)
763 2795 802 2858 de
833 2818 969 2888 corpore
998 2818 1100 2881 aeque
1128 2820 1166 2861 ac
1193 2798 1232 2861 de

190 2908 294 2972 animo
311 2908 415 2992 accipi
435 2920 578 2993 possunt.
603 2909 781 2990 Quocirca,
800 2922 836 2974 ut
857 2932 896 2971 ne
916 2910 1117 2990 conjiciendo
1139 2912 1231 2974 nimis

191 3042 305 3085 evoro
325 3022 530 3099 aberremus,
552 3021 614 3084 hoc
636 3024 750 3100 misso,
774 3022 813 3085 ad
835 3023 912 3085 alios
937 3045 1154 3107 properemus.

236 3133 282 3196 De
304 3135 418 3197 Stoicis
434 3130 535 3218 igitur
552 3133 732 3213 rideamus,
754 3157 833 3220 quos
848 3158 1041 3221 magnopere
1058 3137 1146 3201 hunc
1158 3138 1229 3223 phi-

190 3244 353 3328 losophiae
371 3244 495 3324 locum,
519 3247 575 3330 qui
595 3259 641 3310 est
664 3247 703 3310 de
725 3249 905 3312 auferendis
916 3249 1101 3328 doloribus,
1125 3252 1230 3335 expli-

192 3357 295 3422 cuisse
324 3359 479 3426 novimus.
524 3361 604 3425 Cum
633 3363 717 3426 enim
744 3362 839 3426 huius
871 3374 974 3426 sectae
1008 3386 1123 3448 parens
1143 3366 1229 3428 Zeno

225 3655 252 3721 1)
289 3657 342 3709 cie.
364 3660 440 3707 Tusc.
457 3660 487 3717 Q.
507 3660 536 3709 V.
556 3659 581 3708 9.
601 3663 696 3709 Graece
712 3662 774 3709 haec
795 3663 916 3723 leguntur
930 3665 996 3726 apud
1016 3665 1084 3712 Plus,
1098 3655 1165 3732 περὶ
1180 3650 1227 3716 εὖ·

190 3739 306 3818 θυμίας
321 3768 346 3815 p.
365 3748 423 3800 476.
445 3751 473 3802 C.
1232 3788 1236 3796 ·

225 3840 251 3904 2)
286 3844 356 3905 Πίος,
372 3846 453 3895 ῑαέτῐ.
471 3845 510 3895 Vl.
525 3844 566 3895 80.
586 3845 624 3898 Cf.
641 3849 774 3910 Wyttenh.
792 3851 868 3914 Disp.
883 3851 914 3897 de
929 3867 969 3898 an.
982 3853 1090 3899 imnrort.
1109 3868 1134 3915 p.
1149 3851 1208 3917 618,
1252 3895 1255 3898 Δ

225 3933 250 3998 3)
285 3937 356 3999 Diog.
370 3941 450 3988 Lairt.
467 3938 508 3989 Vl.
528 3938 570 3990 68.
581 3948 607 3990 et
620 3941 673 3994 Cic.
691 3945 766 3990 Ture.
787 3945 816 4001 Q.
837 3944 855 3993 1.
871 3942 913 4006 43,
930 3960 993 4006 quos
1008 3946 1094 3994 laudat
1108 3947 1228 4011 Wytten·

187 4028 294 4077 bachius
311 4029 328 4076 Ι.
341 4030 360 4077 1.
