2648 4844
641 64 680 125 27

142 252 250 313 rivere
270 257 384 332 pergat
405 245 528 307 animus
547 255 646 328 atque
664 245 697 306 in
716 243 812 307 aliam
829 264 863 306 se
888 245 1032 308 conferat
1059 243 1178 309 sedem.

105 405 107 408 .
143 361 269 444 Quodsi
290 337 398 424 autem
425 359 459 420 in
480 367 583 420 morte
604 354 714 419 nullus
745 368 793 420 est
824 377 949 432 sensus,
990 357 1120 421 minimo
1146 359 1180 420 in

142 476 233 541 malis
256 484 304 537 est
330 471 498 549 habenda,
528 470 792 556 quandoquidem
810 471 920 534 similis
945 473 1005 534 erit
1030 471 1180 554 placidis-

142 592 221 653 simo
245 609 375 665 somno,
400 586 457 670 qui
477 584 574 646 nullis
596 586 725 647 somniis
747 586 906 651 turbetur.
931 587 987 648 Sin
1002 606 1077 649 vero
1096 607 1179 648 mors

142 715 190 766 est
209 702 359 787 migratio
377 700 410 761 in
430 699 523 761 aliam
534 695 661 776 sedem,
682 719 820 784 veraque
842 711 934 779 sunt,
958 720 1042 784 quae
1063 699 1178 763 dicun·

142 829 213 896 tur,
246 815 392 878 habitare
411 813 479 876 illic
501 833 627 891 omnes,
660 815 717 896 qui
744 835 761 874 e
793 814 854 877 rita
881 826 1063 893 cesserunt,
1097 813 1177 877 nihil

143 932 192 995 illi
210 930 359 993 felicitati
379 937 426 990 est
442 926 699 1010 praeferendum.
725 928 807 991 Tum
826 928 1177 1007 enimanimusomnes,

145 1054 307 1130 quotquot
344 1042 557 1118 exstiterunt,
601 1040 714 1103 heroes
746 1051 778 1104 et
807 1043 891 1105 viros
919 1043 1060 1127 insignes
1091 1041 1179 1104 ride-
1281 1068 1287 1083 ·

143 1160 212 1237 bit,
259 1177 333 1220 cum
366 1156 404 1217 iis
437 1153 642 1237 colloquetur
675 1166 773 1239 atque
794 1156 840 1219 ita
861 1156 963 1221 multa
984 1176 1180 1241 cognoscere

143 1273 278 1356 poterit,
302 1289 443 1355 quorum
463 1268 596 1330 scientia
618 1269 679 1351 ipsi
700 1269 734 1330 in
757 1269 817 1333 hac
839 1271 903 1334 rita
928 1270 991 1334 fuit
1010 1269 1178 1355 denegata.

144 1385 254 1466 Quum
281 1373 382 1469 igitur
411 1379 520 1443 acerbi
548 1379 629 1442 nihil
647 1379 764 1444 haheat
787 1403 891 1463 mors,
921 1383 976 1446 sed
998 1393 1109 1447 contra
1124 1382 1179 1465 jn-

143 1495 241 1562 cundi
274 1495 471 1581 plurimum,
505 1493 657 1577 quoniam
679 1515 697 1557 a
718 1497 801 1558 ritae
829 1497 990 1559 aerumnis
1018 1495 1179 1559 hominem

143 1612 277 1688 liberet,
299 1610 425 1672 sortiter
448 1585 494 1669 eit
517 1605 762 1692 oppetendam,
798 1612 855 1694 qui
872 1609 1032 1692 justitiam
1053 1631 1111 1694 per
1131 1611 1178 1672 ri·

146 1737 210 1789 tam
242 1744 368 1807 semper
400 1721 512 1785 coluit.
548 1713 598 1785 Ἕν
622 1714 684 1807 γάρ
709 1744 742 1784 τι
765 1721 862 1786 τοῦτο
889 1723 1093 1786 διανοεῖσθαι
1118 1714 1180 1812 χρὴ

143 1827 278 1924 ἀληθὲς,
313 1829 364 1901 ὅτι
396 1823 454 1897 οὐκ
486 1825 572 1894 ἔστιν
600 1821 693 1919 oivdpl
720 1822 839 1916 ἀγαθῷ
863 1824 959 1897 κακὸν
985 1825 1078 1898 οὐδὲν
1104 1825 1180 1899 οὔτε

143 1944 241 2024 ζῶντι
263 1939 338 2012 οὔτε
364 1934 600 2032 τελευτήσαντι,
634 1933 711 2008 οὐδὲ
739 1935 905 2027 ἀμελεῖται
933 1936 999 2010 ind
1025 1944 1115 2008 θεῶν
1139 1936 1181 2008 τὰ

141 2047 258 2121 τούτου
284 2048 469 2145 πράγματα.
485 2053 511 2142 ¹)

186 2169 460 2234 consideravimus
471 2169 536 2233 huc
552 2191 672 2256 usqne,
693 2190 777 2256 quae
792 2179 981 2255 argumenta
996 2167 1180 2232 consolandi

135 2282 232 2347 ‘Plato
247 2282 302 2346 hic
320 2283 389 2346 illio
402 2285 436 2346 in
453 2284 579 2368 scriptis
595 2285 659 2346 suis
677 2283 872 2367 prodiderit3
895 2282 1055 2369 agendum
1071 2294 1180 2345 autem

143 2396 257 2459 ultimo
273 2397 345 2460 loco
367 2396 407 2459 de
430 2397 599 2461 Phaedone
621 2408 690 2476 est,
714 2400 771 2484 qui
794 2398 939 2485 dialogus
961 2408 1046 2461 totus
1064 2395 1104 2459 ad
1123 2418 1178 2481 ge-

142 2531 201 2572 nus
221 2511 471 2574 consolatorium
493 2523 539 2574 est
561 2512 759 2576 referendus.
804 2512 984 2595 Discipulos
1003 2511 1105 2589 enim,
1126 2511 1180 2573 in-

144 2633 278 2686 stantem
301 2624 453 2687 carissimi
475 2625 617 2710 magistri
638 2624 812 2687 discessum
824 2624 983 2702 dolentes,
1003 2625 1047 2687 ita
1067 2646 1178 2688 conso-

142 2737 226 2801 latur
248 2739 411 2816 SocrateS,
435 2749 471 2800 ut
493 2760 556 2800 non
578 2737 721 2822 pejorem
737 2736 792 2801 sed
809 2717 915 2822 potius
927 2736 1092 2799 meliorem
1110 2737 1179 2800 fore

141 2873 230 2914 suam
247 2851 465 2915 conditionem
481 2852 688 2917 demonstret.
719 2852 813 2934 Quod
835 2865 872 2915 ut
890 2850 1077 2937 perficeret,
1094 2872 1179 2913 mor-

127 2941 181 3026 ¹tis
200 2976 348 3029 naturam
365 2966 527 3050 explorat,
562 2987 699 3051 eamque
728 2965 823 3030 docet
844 2966 925 3028 nihil
945 2965 1034 3029 aliud
1054 2986 1120 3027 esse
1141 2985 1179 3028 ac

141 3066 197 3162 τὴν
216 3077 276 3163 τῆς
296 3077 406 3164 ψυχῆς
428 3068 495 3140 ἀπὸ
510 3075 570 3140 τοῦ
587 3066 739 3157 σώματος
755 3068 950 3165 ἀπαλλαγήν,
974 3100 1038 3162 qua
1055 3079 1179 3140 animus

142 3210 159 3251 a
180 3190 324 3273 corporis
342 3168 479 3253 vinculis
500 3190 666 3270 liberatus,
684 3191 770 3254 solus
786 3211 844 3274 per
861 3211 928 3253 sese
945 3191 1060 3276 rigeat.
1093 3193 1179 3254 Haec

139 3302 241 3387 igitur
264 3322 365 3388 quum
399 3305 529 3388 propria
558 3305 597 3367 sit
629 3306 740 3368 mortis
773 3317 905 3383 natura,
946 3304 1179 3389 philosophiam

141 3415 220 3479 dicit
243 3439 309 3479 esse
332 3417 423 3500 quasi
442 3419 552 3480 mortis
573 3420 874 3483 commentationem
883 3415 928 3503 ²),
953 3416 1179 3501 philosophum

175 3691 200 3756 1)
236 3696 308 3758 Apol.
331 3697 400 3743 Scor.
421 3710 445 3757 p.
464 3692 504 3741 40.
522 3709 577 3756 sqq.

175 3783 200 3842 2l
238 3789 357 3835 Phaedon
373 3804 396 3851 p.
417 3785 458 3835 64.
474 3789 509 3835 Cf.
524 3789 574 3836 Cic.
593 3790 665 3836 Tuse.
683 3791 712 3847 Q.
732 3791 750 3837 1.
770 3789 810 3835 30.
