2648 4844
639 372 681 432 39

138 551 222 614 ratio
244 551 269 611 si
282 569 391 612 revera
413 550 444 610 in
468 547 611 612 Eudemo
632 549 808 613 Aristotelis
829 549 911 628 fuit,
935 548 1090 612 credibile
1112 563 1175 629 est,
1222 626 1226 630 Α

136 662 389 748 philosophum,
420 673 589 746 postquam
610 673 720 747 egerat
741 662 781 725 de
803 663 899 724 animi
918 663 1175 742 immortalitate,

138 799 206 862 quo
226 775 380 858 majorem
402 775 598 860 argumentis
617 776 681 837 suis
700 749 743 838 ac'
759 774 1025 858 disputationibus
1044 774 1176 838 adderet

138 890 375 965 auctoritatem,
398 887 481 950 hanc
500 889 533 949 iu
555 889 728 970 posteriore
747 887 866 973 dialogi
885 900 974 972 parte
993 887 1176 972 proposuis·
1268 901 1270 905 '

138 1024 192 1082 se,
226 1013 263 1065 ut
281 1003 324 1064 ita
346 1002 438 1086 quasi
457 1000 564 1063 divinet
583 1001 737 1063 sententiat
758 1023 847 1064 snam
869 1001 909 1063 de
928 1002 1034 1064 animo
1056 977 1177 1063 doctri-

138 1136 215 1178 nam
237 1115 477 1190 corroboraret,
502 1124 533 1177 et
556 1113 700 1194 defuncti
715 1124 833 1176 sortem
850 1113 1063 1176 beatissimam
1073 1092 1176 1196 'prae-

138 1206 273 1291 dicaret.
295 1223 320 1313 1)
370 1227 452 1289 Sunt
477 1226 580 1307 baec,
613 1248 697 1312 quae
723 1226 762 1288 de
792 1225 934 1290 Eudemo
967 1248 1004 1289 ex
1032 1220 1176 1311 ¹antiquis

140 1340 271 1404 efficere
304 1340 397 1419 licet;
435 1339 475 1402 de
507 1340 610 1425 elegia
640 1351 768 1418 autem,
799 1360 897 1425 quam
928 1338 968 1402 ad
996 1338 1176 1402 Eudemum
1263 1354 1267 1361 '

139 1453 304 1536 scripsisse
321 1453 508 1516 Aristoteles
530 1452 669 1530 dicitur,
700 1473 863 1538 quamque
886 1453 1033 1516 nonnulli
1059 1453 1093 1514 in
1114 1451 1176 1516 hoc

139 1565 270 1651 dialogo
299 1566 396 1629 fuisse
426 1566 616 1650 perhibent,
660 1566 740 1628 nihil
773 1565 946 1629 dicendum
980 1566 1174 1644 censuimus,
1233 1563 1238 1583 ‘

139 1679 294 1764 quoniam
315 1701 379 1743 non
397 1660 601 1742 Aristotelem
627 1690 814 1762 scriptorem
837 1678 1008 1756 habuisse,
1040 1678 1096 1741 sed
1118 1700 1175 1762 po-

138 1792 281 1855 sterioris
297 1790 367 1856 aeri
388 1793 493 1855 foetus
511 1777 549 1867 ac
571 1792 687 1855 deinde
708 1793 742 1855 in
763 1792 941 1855 Aristotelis
961 1791 1102 1856 carmina
1124 1811 1175 1854 re-

139 1906 205 1968 lata
227 1926 295 1968 esse
315 1901 514 1991 videatur2).

185 2018 363 2082 Aristotelis
389 2016 634 2102 philosophandi
656 2019 813 2082 rationem
832 2039 870 2081 ac
888 2016 1066 2081 doctrinam
1084 2038 1175 2082 secu·

140 2145 192 2196 tus
212 2143 244 2195 et
259 2133 418 2216 professus
441 2142 487 2193 est
510 2130 769 2215 Theophrastus,
786 2112 930 2195 eiusdem
949 2142 980 2193 et
998 2129 1177 2216 discipulus

140 2256 173 2309 et
193 2247 228 2309 in
244 2246 347 2331 Lyceo
367 2265 542 2310 successor.
559 2245 693 2329 Scripsit
714 2255 821 2309 autem
839 2246 970 2324 librum,
990 2245 1044 2307 cui
1064 2245 1176 2308 titulus

141 2369 210 2421 erat
228 2354 453 2442 Καλλισθένης
478 2350 498 2445 ἢ
520 2354 599 2442 περὶ
620 2355 779 2436 πένθους,
813 2379 910 2443 quem
936 2357 1032 2421 hodie
1061 2356 1175 2442 deper-

140 2472 256 2549 ditum,
289 2470 345 2533 diu
374 2469 490 2533 dubins
512 2469 610 2549 haesi,
630 2492 709 2533 num
724 2471 758 2532 in
774 2470 991 2534 consolatoriis
1008 2490 1177 2534 enumera·

141 2605 209 2647 rem
228 2583 364 2666 scriptis.
388 2583 676 2667 AWyttenbachio
688 2583 773 2645 enim
791 2584 927 2668 aliisque
944 2583 1177 2647 recentioribus

142 2694 182 2760 ad
204 2706 348 2760 nostrum
374 2707 602 2780 argumentum
634 2696 846 2760 communiter
876 2698 989 2760 referri
1019 2696 1176 2773 videbam,

142 2830 340 2895 quamquam
361 2811 444 2872 inter
464 2810 566 2873 libelli
587 2809 765 2894 fragmenta
787 2822 997 2901 veterumque
1016 2809 1056 2872 de
1072 2831 1110 2873 eo
1122 2809 1177 2893 ju-

175 3054 202 3122 1)
238 3058 368 3107 affirmare
385 3063 470 3107 tamen
488 3075 540 3107 non
556 3058 652 3119 ausim,
667 3074 710 3120 ea,
729 3073 795 3120 quae
814 3059 892 3106 refert
907 3058 1007 3120 Cicero,
1024 3058 1051 3104 in
1066 3057 1178 3104 Eudemo

142 3153 287 3200 Aristotelis
304 3153 397 3213 fuisse,
417 3166 497 3213 quum
516 3157 658 3216 opportune
675 3167 704 3199 ea
719 3166 858 3199 memorare
877 3152 991 3214 potnerit
1006 3151 1032 3196 in
1050 3150 1116 3197 libro
1132 3164 1178 3196 sno

130 3247 173 3294 ds
191 3246 354 3294 divinatione
366 3259 416 3307 per
432 3261 550 3292 soranum.
577 3246 646 3292 Licet
660 3247 728 3292 enim
743 3245 785 3292 hic
799 3245 865 3292 liber
880 3245 989 3307 supersit
1003 3249 1030 3291 et
1042 3243 1113 3290 nulla
1129 3245 1180 3291 Eu-

140 3341 210 3390 demi
231 3341 259 3387 in
282 3355 313 3387 eo
338 3339 383 3386 fiat
404 3340 516 3401 mentio,
540 3339 661 3387 excidisse
682 3345 767 3386 tumen
782 3353 811 3386 ea
828 3343 967 3400 potueruut
982 3353 995 3384 e
1011 3352 1065 3399 cap.
1083 3334 1118 3397 2„
1135 3337 1179 3385 ubi

141 3434 299 3482 mentionem
324 3431 385 3478 facit
411 3447 514 3493 eornm,
548 3432 593 3493 qni
617 3432 728 3479 futuram
752 3430 951 3478 necessariorum
976 3428 1017 3475 vel
1040 3429 1178 3475 amicornm

141 3532 236 3575 sortem
252 3526 279 3573 in
295 3540 382 3572 somno
401 3524 557 3587 praevident.
881 3585 884 3592 Ι
1173 3557 1178 3565 .

175 3614 202 3680 2)
238 3618 366 3680 Incepisse
382 3617 448 3666 hanc
464 3618 569 3679 elegiam
587 3617 669 3664 verbis
687 3599 889 3684 Καλλιτὲχνου
904 3600 1022 3686 μητρὸς
1037 3599 1179 3682 θύγατερ,

140 3711 218 3759 docet
236 3711 307 3772 lliog.
324 3711 405 3758 laert.
427 3711 456 3758 V.
480 3708 521 3758 2⁷.
550 3711 728 3771 Fragmentum
749 3714 834 3757 antem
850 3709 905 3755 eius
923 3709 1000 3754 refert
1019 3706 1179 3770 Olympiodo-

143 3804 186 3851 ius
200 3804 232 3852 ad
251 3805 386 3865 Gorgiam,
403 3804 471 3866 quod
485 3803 543 3850 ideo
559 3803 591 3851 ab
604 3803 740 3850 Aristotele
757 3819 808 3850 non
825 3801 971 3849 confectum
992 3799 1073 3847 credit
1098 3800 1179 3848 Bnhle

143 3898 227 3946 Arist.
250 3899 311 3961 Opp.
327 3898 348 3945 1.
359 3914 383 3960 p.
399 3896 442 3958 53,
459 3897 527 3959 quod
544 3897 570 3943 iu
581 3912 611 3943 eo
626 3896 700 3944 tertia
713 3911 819 3959 persona
835 3894 866 3941 de
883 3889 909 3941 se'
925 3893 1049 3956 loquitur,
1063 3893 1107 3953 qui
1126 3898 1180 3940 mos

144 3992 193 4040 fuit
218 3991 386 4055 posteriorum
410 3993 549 4053 positarum.
576 3990 686 4037 Eandem
707 3989 858 4037 sententiam
879 3987 993 4038 defendit
1017 3985 1128 4034 Carriere
1149 3986 1183 4033 de

144 4085 285 4133 Aristotele
301 4085 519 4132 Plotmisosoieo.
540 4099 564 4146 p.
584 4081 625 4130 18.
