2648 4844
555 338 558 343 ’
636 349 719 410 151·

138 514 223 603 σμὸν
245 516 311 602 ἔχει
338 523 396 586 τοῦ
422 521 611 589 λυπεῖσθαι.
626 523 651 611 ¹)
698 527 815 589 Sensus
844 537 951 589 autem
969 524 1025 590 ille
1045 524 1183 606 doloris,

139 635 216 698 licet
235 656 364 718 prorsus
394 634 515 697 auferri
548 648 579 700 et
606 638 678 700 tolli
709 639 862 702 radicitus
892 651 1049 725 nequeat,
1082 643 1184 705 minui

139 761 247 811 tamen
265 745 351 809 idem
366 769 404 810 ac
428 747 522 810 leniri
546 761 577 812 et
599 763 702 834 potest
726 763 756 814 et
777 752 896 815 debet:
929 752 1028 839 idque
1047 754 1183 818 alterum
1236 777 1239 782 ·

140 873 187 924 est
207 859 397 924 consolantis
415 861 565 927 officium.
601 864 695 944 Quod
712 865 843 950 quidem
858 867 976 950 optime
991 868 1182 951 praestabit,

140 974 197 1036 ubi
220 973 385 1059 lugentem
407 996 424 1036 a
447 975 537 1038 malis
558 976 598 1039 ad
620 979 864 1063 contemplanda
882 979 966 1042 hona
985 982 1182 1059 avocaverit3

140 1099 210 1150 tum
242 1087 325 1149 euim
368 1088 474 1149 sensui
504 1087 553 1150 illi
583 1088 702 1152 doloris
735 1090 816 1153 alius
847 1092 1040 1175 opponitur,
1076 1114 1185 1156 sensus

141 1221 254 1284 nempe
275 1200 433 1275 laetitiae,
453 1202 511 1285 qni
529 1201 617 1287 illins
638 1203 700 1265 vim
713 1204 844 1289 frangit,
869 1216 910 1282 et,
935 1206 1106 1290 quominus
1123 1228 1184 1268 au-

142 1324 275 1398 geatur,
297 1312 346 1375 vel
369 1314 464 1376 latius
480 1314 645 1398 procedat,
666 1296 809 1401 impedis.
837 1318 975 1381 Pulchra
995 1319 1027 1381 id
1052 1340 1184 1403 compa-

142 1427 266 1490 ratione
283 1428 439 1511 expressit
460 1428 669 1493 Plutarchus:
700 1443 734 1493 ut
758 1433 863 1511 enim,
886 1433 931 1494 sic
958 1433 1019 1510 ait,
1050 1431 1183 1508 oculos,

140 1541 238 1603 nimio
259 1538 428 1623 splendore
448 1521 602 1619 offezrios,
631 1542 671 1605 ad
698 1543 812 1606 florida
837 1555 868 1606 et
899 1545 1011 1609 viridia
1039 1557 1184 1608 avertere

140 1656 298 1730 solemus,
332 1653 377 1715 sic
405 1674 536 1739 quoque
558 1655 723 1718 adversam
752 1657 872 1740 experti
904 1658 1085 1736 fortunam,
1120 1680 1184 1722 non

139 1768 233 1845 mala,
258 1766 311 1829 sed
334 1766 417 1828 hona
439 1744 600 1851 respicere
618 1767 790 1848 dehemus,
809 1780 845 1832 ut
861 1768 978 1832 horum
990 1770 1184 1854 cogitatione

139 1881 270 1942 illorum
307 1881 499 1964 repellamus
526 1878 636 1967 rim.²)
674 1882 778 1962 Quam
807 1883 991 1946 consolandi
1029 1884 1182 1946 rationem

139 1995 295 2078 inprimis
313 1994 452 2078 Epicuro
471 1994 642 2078 placuisse,
664 2017 759 2079 supra
772 1996 840 2077 jam
857 1998 1057 2074 monuimus,
1082 2018 1184 2080 quum

140 2109 331 2170 levationem
353 2106 563 2192 aegritudinis
585 2108 618 2169 iu
638 2107 762 2171 duabus
785 2109 879 2172 rebus
898 2120 1049 2194 poneret,
1069 2131 1183 2173 avoca-

140 2222 227 2283 tione
245 2244 261 2282 a
278 2221 449 2306 cogitanda
464 2223 609 2285 molestia
632 2234 664 2284 et
682 2223 883 2287 revocatione
902 2223 942 2285 ad
964 2224 1186 2306 contemplan-

140 2333 195 2397 das
213 2334 404 2417 voluptates.
448 2334 573 2397 Acerbe
596 2347 702 2398 autem
722 2335 834 2399 Cicero
855 2334 937 2398 hanc
957 2336 1087 2419 Epicuri
1113 2357 1184 2396 sen·

140 2449 271 2511 tentiam
304 2448 529 2561 impugnavit,
558 2450 794 2512 revocationem
833 2448 919 2511 illam
961 2448 1080 2511 nnllam
1119 2469 1186 2510 esse

141 2562 356 2639 contendens;
389 2585 452 2624 non
480 2573 526 2624 est
557 2563 662 2639 enim,
703 2563 767 2638 ait,
802 2562 833 2622 in
865 2574 969 2624 nostra
1003 2572 1183 2645 potestate,

141 2674 356 2738 fodicantibus
383 2677 420 2737 iis
444 2676 556 2752 rebus,
589 2697 668 2761 quas
691 2675 789 2738 malas
812 2697 879 2737 esse
901 2670 1088 2759 op'inamur,
1121 2673 1184 2737 dis-

142 2790 303 2852 simulatio
320 2790 369 2850 vel
388 2789 522 2852 oblivio:
555 2789 717 2866 lacerant,
747 2801 879 2867 verant,
913 2770 1056 2851 stimulos
1076 2785 1190 2850 admoss

141 2914 235 2979 vent,
257 2903 347 2987 ignes
368 2902 540 2980 adhibent,
562 2903 717 2987 respirare
738 2924 799 2964 non
820 2904 936 2965 sinunt.
952 2899 976 2985 ³)
1016 2903 1181 2978 Attamen,

136 2999 177 3078 'ut
189 3017 255 3078 sere
276 3037 419 3100 semper,
438 3017 483 3078 sic
502 3015 567 3079 hoc
583 3020 714 3101 qnoque
733 3013 805 3076 loco
820 3016 931 3098 inique
949 3015 1123 3098 Epicurum
1137 3036 1185 3075 re-

143 3130 314 3213 prehendit
333 3130 466 3206 Gicero,
490 3151 590 3215 quum
612 3128 668 3191 ille
692 3150 753 3191 non
777 3128 1028 3191 dissimulatione
1051 3138 1082 3189 ct
1103 3126 1184 3188 ohli-

145 3244 238 3305 vione
256 3243 431 3323 malorum,
453 3243 507 3306 sed
525 3244 710 3306 avocatione
728 3244 768 3305 ab
783 3244 820 3304 iis
832 3241 1066 3327 aegritudinem
1081 3240 1187 3303 levare

142 3355 314 3421 studuerit.
350 3356 596 3442 Impediendum
615 3356 700 3417 enim
721 3356 807 3417 omni
826 3354 921 3417 modo
938 3355 1081 3431 censuit,
1106 3349 1200 3437 quo-⁴

146 3469 250 3532 minus
282 3469 434 3534 diuturna
463 3470 614 3554 cogitatio
647 3450 722 3531 mali
750 3468 910 3530 cruciaret
940 3488 1036 3544 enm,
1069 3466 1123 3549 qui
1154 3467 1188 3526 in

144 3584 237 3649 luctu
255 3597 353 3662 esset,
373 3585 506 3669 eiusque
524 3582 668 3646 dolorem
685 3592 838 3666 augeret,
858 3578 944 3665 quod
963 3578 1051 3641 nulla
1066 3579 1188 3641 ratione

95 3735 99 3744 ,
146 3699 261 3762 melius
284 3699 353 3761 fieri
370 3720 461 3782 posse
473 3698 601 3773 statuit,
625 3717 720 3780 qnam
735 3694 790 3758 nbi
808 3704 971 3777 reputaret
988 3691 1091 3768 bona,
1112 3691 1189 3774 qui-

145 3836 353 3845 ——-·.>.—.

182 3878 208 3945 1)
236 3880 304 3928 Stob.
324 3880 393 3928 Flor.
412 3880 451 3927 tit.
467 3875 525 3938 124,
541 3876 583 3926 35.

180 3971 208 4035 2)
236 3973 303 4020 Plut.
327 3963 393 4045 napi
412 3958 560 4038 εὐθυμίας
582 3985 606 4033 p.
626 3967 676 4017 tea
688 3969 724 4016 fl.

182 4064 209 4127 3)
239 4066 292 4118 Cic.
312 4069 387 4114 Tuae.
405 4067 434 4128 Q
452 4063 493 4115 ill.
509 4063 549 4111 16.
