2648 4844
523 1558 705 1684 tiooot
732 1582 806 1659 111.
839 1565 841 1571 ’

142 1927 182 1970 on
206 1916 414 1969 anonumum
434 1915 709 1984 consonutonns,
732 1926 848 1982 ouious
868 1920 1000 1971 niumm
1022 1918 1178 1974 iuuentis

202 2050 343 2092 mimum
367 2049 408 2091 ic
432 2047 552 2090 sunsuu
576 2050 715 2091 nouoms
740 2048 886 2092 sumnum
908 2041 1120 2094 snuouuoosn

564 2173 769 2216 omuosoom.

184 2460 359 2530 Commune
381 2476 427 2528 est
445 2463 711 2550 philosophorum
731 2464 764 2528 in
788 2465 1055 2531 consolationibus
1082 2491 1180 2553 prae·

140 2588 289 2662 ceptum,
315 2589 352 2640 ut
370 2578 413 2656 is,
449 2579 506 2662 qui
526 2576 741 2641 calamitatem
760 2579 922 2663 quandam
943 2578 1002 2642 sibi
1025 2581 1178 2645 accidisse

140 2690 271 2777 lugeat,
295 2691 417 2753 tatione
434 2704 490 2755 sua
502 2692 682 2755 riteutatur
697 2692 736 2755 ad
756 2691 910 2756 sedandos
926 2677 1062 2770 dolores.
1083 2694 1177 2776 Quod

140 2803 239 2866 v'eiuti
258 2803 503 2867 fundamentum
531 2820 569 2867 ao
598 2805 792 2889 principium
813 2815 877 2885 est,
905 2827 942 2869 ex
964 2801 1036 2893 quo
1051 2809 1177 2886 omnia,

138 2912 180 2979 de
207 2917 325 3001 quibus
355 2916 461 2980 adhuc
492 2918 640 3001 egimus,
680 2915 852 3001 repetenda
879 2930 953 2981 sunt
969 2913 1175 3004 argumenta.

139 3030 292 3114 Spectant
312 3029 395 3093 enim
418 3031 553 3093 maxime
571 3050 626 3109 eo,
651 3041 686 3094 ut
704 3030 914 3094 detrahantur
930 3033 1084 3095 moerenti
1105 3033 1176 3116 opi-

139 3144 269 3220 niones,
302 3164 386 3227 quae
408 3156 546 3229 augeant
576 3143 719 3208 dolorem
739 3155 771 3207 et
799 3144 958 3224 officiant,
992 3154 1027 3208 ut
1047 3146 1177 3231 gravius

138 3256 199 3319 sibi
213 3267 371 3340 proponat
390 3256 527 3334 malum,
560 3278 624 3341 quo
653 3256 807 3320 afflictum
824 3280 856 3320 se
882 3260 987 3337 sentit,
1007 3281 1104 3344 quam
1123 3281 1178 3322 re-

139 3391 212 3433 vera
235 3380 293 3434 est.
328 3370 441 3454 itaque
461 3369 697 3433 admonuerunt
717 3391 810 3447 eum,
830 3369 868 3433 ut
888 3372 1009 3433 ratione
1028 3393 1085 3434 sua
1102 3392 1179 3434 usus

139 3482 374 3568 praejudicatas
395 3483 536 3545 mitteret
558 3483 738 3567 opiniones,
756 3494 789 3545 et
807 3484 926 3547 rectius
944 3483 983 3546 do
1002 3483 1096 3546 rebus
1115 3483 1177 3546 hu·

139 3597 239 3660 manis
259 3607 418 3674 statuens,
448 3595 578 3659 terenda
608 3597 667 3659 sibi
697 3618 800 3681 aequo
830 3597 936 3659 animo
963 3597 1176 3674 existimaret,

138 3732 223 3795 quae
241 3705 318 3772 salso
338 3708 459 3792 majora
480 3720 511 3772 et
530 3709 580 3772 vix
603 3709 768 3774 toleranda
789 3709 961 3774 habuisset.
995 3708 1088 3790 Quod
1111 3731 1183 3794 quo.

140 3825 241 3909 magis
263 3823 446 3900 efficerent,
472 3833 614 3906 tempore
633 3823 791 3886 docebant
813 3815 939 3914 omnem
951 3818 1053 3897 ⁴animi
1074 3823 1178 3908 aegri·

139 3937 284 4001 tudinem
307 3935 410 3999 sedari
432 3957 470 3998 ao
490 3936 609 4013 minui,
632 3947 731 4021 atque
749 3937 792 3999 ita
814 3937 916 4020 turpis
946 3946 979 3998 ot
994 3932 1178 4006 ⁴effeminati

138 4051 197 4112 siri
223 4071 307 4127 esse,
339 4072 356 4112 a
391 4049 600 4112 diuturnitate
632 4049 821 4113 medicinam
853 4061 1051 4134 exspectare,
1082 4069 1178 4132 quam
