2648 4844
645 249 699 308 35·

141 422 235 501 dem,
259 444 298 486 ac
317 444 418 507 paene
435 421 637 510 tragicam.¹)
663 427 827 509 Inscripsit
846 439 953 491 autern
976 428 1063 494 hunc
1081 431 1182 495 dialo-

143 562 221 626 gum
255 527 425 621 Εὔδημον,
447 539 481 601 in
511 538 665 602 honorem
693 540 827 604 Eudemi
855 542 981 627 Cyprii,
1016 545 1181 608 familiaris

142 654 212 731 sui,
236 653 294 737 qui
314 673 416 737 quum
438 653 697 737 quinquennium
719 656 750 716 in
771 655 880 717 Sicilia
899 655 1057 740 degisset,
1089 680 1182 741 proe-

141 766 222 830 lians
244 765 285 828 ad
304 766 476 850 Syracusas
495 766 626 830 interiit.
640 762 666 850 ²)
702 767 804 830 Huius
828 789 902 831 vero
930 782 1064 833 mortem
1085 791 1182 855 aegre

142 881 254 943 tulisse
276 879 403 942 videtur
425 879 621 957 Aristoteles,
644 879 783 964 ideoque
801 882 969 945 consilium
985 884 1090 946 iniisse
1106 883 1181 947 libri

141 992 175 1055 in
205 993 301 1056 amici
330 993 515 1055 memoriam
545 973 724 1071 scribendi,
754 994 841 1078 quod
862 995 976 1058 melius
999 996 1058 1058 sibi
1080 997 1180 1080 perli-

144 1127 217 1170 cere
241 1127 332 1191 posse
354 1127 418 1167 nou
437 1105 622 1183 videbatur,
653 1087 712 1168 nisi
739 1106 867 1192 dialogo
888 1109 1114 1191 ‘componendo
1139 1110 1179 1172 de

141 1221 264 1298 animo,
296 1230 332 1283 ut
357 1222 401 1282 ita
430 1219 528 1282 firmis
554 1221 750 1305 argumentis
781 1220 1045 1300 demonstrando,
1074 1224 1179 1285 animo

141 1346 213 1419 post
224 1338 360 1396 mortem
371 1333 453 1395 bene
465 1355 549 1410 esse,
571 1345 602 1395 et
623 1334 656 1395 in
676 1335 770 1396 amici
782 1333 937 1397 honorem
955 1335 1043 1397 velut
1060 1358 1178 1399 monu-

141 1458 286 1510 mentum
303 1457 452 1530 poneret,
472 1458 502 1509 et
519 1447 579 1509 sihi
598 1447 730 1530 aliquod
749 1446 867 1510 doloris
879 1448 1026 1511 solatium
1039 1471 1178 1533 quaere-

141 1571 202 1625 ret.
249 1556 296 1622 De
316 1558 435 1645 dialogi
457 1561 598 1645 personis
621 1560 700 1622 nihil
727 1559 827 1622 hodie
858 1573 999 1639 constat,
1040 1574 1177 1625 attamen

140 1673 312 1735 verisimile
346 1685 392 1735 ost
422 1696 496 1736 curn
515 1672 780 1757 ·Wyttenhachio
819 1672 1003 1755 conjicere,
1057 1675 1177 1738 Aristo·

141 1786 239 1849 telem
264 1787 298 1849 in
327 1786 470 1849 Eudemo
502 1787 562 1850 sub
600 1786 730 1848 diversis
760 1787 902 1871 personis
942 1788 975 1849 in
1006 1799 1177 1872 utramque

139 1910 264 1984 partem
293 1899 490 1984 disputasse,
522 1911 557 1961 ut
579 1880 659 1963 alius
689 1900 907 1976 Platonicam,
931 1900 1012 1963 alius
1034 1922 1108 1964 vero
1129 1901 1177 1985 ip-

140 2013 205 2076 sius
227 2012 267 2076 de
288 2013 393 2075 animo
416 2012 594 2076 doctrinam
613 2011 809 2076 defenderet.
824 2010 849 2098 ³)
892 2013 1098 2076 Praeclarum
1120 2037 1177 2078 au-

140 2137 204 2189 tem
238 2126 431 2189 Plutarchus
461 2127 551 2188 nobis
583 2127 717 2188 servavit
740 2125 836 2188 huius
858 2126 932 2188 libri
949 2127 1176 2210 fragmentum,

140 2261 206 2325 quo
225 2241 289 2302 sive
308 2240 492 2304 Aristoteles
511 2241 590 2323 ipse,
615 2240 678 2300 sive
701 2240 764 2301 alia
786 2238 943 2323 quaedam
965 2239 1084 2323 dialogi
1104 2262 1175 2322 per-

139 2374 235 2431 sona,
268 2353 377 2416 beatos
401 2352 535 2416 'tantum
560 2373 611 2413 eos
645 2350 875 2435 praedicandos
904 2372 971 2412 esse
1001 2351 1176 2431 contendit,

140 2467 197 2551 qui
229 2466 291 2531 hae
317 2467 381 2529 vita
403 2465 546 2530 defuncti
574 2477 658 2544 sunt,
682 2487 720 2528 ac
744 2465 832 2527 nefas
858 2486 925 2527 esse
953 2464 992 2527 de
1021 2465 1059 2526 iis
1076 2466 1176 2553 'quid-

140 2600 239 2665 quam
259 2580 486 2643 contumeliose
504 2578 630 2657 dicere,
655 2580 775 2663 quippe
794 2580 850 2664 qui
870 2579 1063 2641 meliorisne
1085 2600 1176 2661 prae-

139 2693 299 2757 stantioris
332 2704 464 2757 naturae
485 2693 562 2755 facti
584 2692 645 2754 sint
675 2693 856 2775 participes.
903 2691 1099 2753 Sententiam
1120 2714 1176 2754 au-

140 2816 206 2867 tem
226 2804 309 2868 hanc
324 2806 369 2869 ita
387 2827 453 2868 esse
477 2806 660 2888 antiquam,
695 2815 730 2866 ut
753 2805 819 2865 eius
842 2804 970 2865 initium
1002 2814 1034 2864 et
1066 2816 1178 2868 auctor

140 2939 271 3002 prorsus
292 2919 497 3004 ignorentur3
522 2917 604 2980 illud
623 2938 698 2979 vero
720 2916 867 2979 omnihus
888 2936 953 2976 esse
972 2916 1006 2975 in
1028 2936 1103 2992 ore,
1135 2905 1181 2986 ώς

141 3021 206 3117 ἄρα
227 3022 272 3116 μή
294 3027 444 3113 γίνεσθαι
471 3026 541 3110 μὲν,
570 3021 702 3114 ἄριστον
729 3019 870 3112 πάντων,
897 3018 935 3090 sd
964 3023 1001 3089 δὲ
1027 3026 1181 3090 trasmae

140 3140 200 3204 τοῦ
222 3137 280 3226 ζῆν
301 3137 369 3204 ἐστι
390 3143 542 3228 κρεῖττον.
572 3141 819 3225 comprohatum
841 3151 948 3204 autem
967 3141 1000 3204 id
1018 3163 1084 3202 esse
1104 3139 1179 3202 deo·

141 3250 222 3316 rum'
234 3253 439 3331 testimoniis,
463 3253 608 3318 Silenum
628 3255 712 3316 enim
731 3277 749 3317 a
768 3253 850 3317 lllida
871 3267 1011 3338 captum,
1032 3267 1063 3317 et
1082 3276 1179 3339 roga-

139 3377 222 3444 tum,
243 3365 324 3451 quid
346 3365 468 3434 homini
487 3369 644 3450 optimum
663 3378 694 3430 et
710 3368 844 3431 manime
861 3367 1074 3451 expetendum
1087 3378 1179 3443 esset,

101 3494 103 3498 ⁴
141 3479 282 3562 primum
300 3478 436 3557 siluisse,
457 3479 573 3542 deinde
591 3502 677 3558 vero,
694 3502 768 3544 cunr
786 3480 884 3543 Midas
902 3501 976 3543 eum
995 3480 1094 3564 magis
1114 3500 1181 3542 ma·

175 3777 201 3842 1)
237 3780 371 3845 Wyttenb.
382 3785 469 3828 annot.
480 3781 511 3828 ad
527 3781 680 3853 Plut.·Cons.
700 3782 734 3829 od
743 3781 826 3845 Apoll.
841 3779 899 3828 115.
911 3782 937 3828 tt.
955 3779 1011 3828 Vol.
1029 3778 1072 3828 vt.
1084 3795 1108 3841 p.
1120 3777 1179 3826 765.

175 3871 202 3936 2)
238 3876 367 3925 Plutarch.
386 3874 442 3922 vita
458 3877 535 3923 Dion.
555 3891 578 3922 e.
596 3874 637 3922 22.
666 3876 753 3922 Cicero
767 3875 796 3922 de
812 3877 931 3924 Divinat.
949 3876 968 3922 1.
989 3873 1030 3946 25.

176 3964 202 4027 3)
239 3969 371 4028 Wyttenh.
388 3970 419 4016 ad
434 3968 561 4015 Phaedon.
580 3985 603 4030 p.
620 3967 678 4015 249.

932 4057 972 4116 3,
