<?xml version="1.0" encoding="UTF-8"?>
<!DOCTYPE html PUBLIC "-//W3C//DTD XHTML 1.0 Transitional//EN"
    "http://www.w3.org/TR/xhtml1/DTD/xhtml1-transitional.dtd">
<html xmlns="http://www.w3.org/1999/xhtml" xml:lang="en" lang="en">
 <head>
  <title>
</title>
<meta http-equiv="Content-Type" content="text/html;charset=utf-8" />
  <meta name='ocr-system' content='tesseract 3.04.00' />
  <meta name='ocr-capabilities' content='ocr_page ocr_carea ocr_par ocr_line ocrx_word'/>
</head>
<body>
  <div class='ocr_page' id='page_1' title='image "./diatribeinlocum00heusgoog_0126.png"; bbox 0 0 2648 4844; ppageno 0'>
   <div class='ocr_carea' id='block_1_1' title="bbox 644 330 686 391">
    <p class='ocr_par' dir='ltr' id='par_1_1' title="bbox 644 330 686 391">
     <span class='ocr_line' id='line_1_1' title="bbox 644 330 686 391; baseline -0.024 0"><span class='ocrx_word' id='word_1_1' title='bbox 644 330 686 391; x_wconf 83' lang='lat'><strong>59</strong></span> 
     </span>
    </p>
   </div>
   <div class='ocr_carea' id='block_1_2' title="bbox 137 510 1182 2758">
    <p class='ocr_par' dir='ltr' id='par_1_2' title="bbox 137 510 1182 2758">
     <span class='ocr_line' id='line_1_2' title="bbox 137 510 1179 596; baseline -0.003 -19"><span class='ocrx_word' id='word_1_2' title='bbox 137 523 248 577; x_wconf 87' lang='lat' dir='ltr'><strong>autem</strong></span> <span class='ocrx_word' id='word_1_3' title='bbox 257 510 445 596; x_wconf 82' lang='lat' dir='ltr'>Cyrenaicos</span> <span class='ocrx_word' id='word_1_4' title='bbox 457 510 615 572; x_wconf 82' lang='lat' dir='ltr'><strong>censuisse</strong></span> <span class='ocrx_word' id='word_1_5' title='bbox 634 522 754 588; x_wconf 90' lang='lat' dir='ltr'><strong>mouet,</strong></span> <span class='ocrx_word' id='word_1_6' title='bbox 767 531 831 572; x_wconf 91' lang='lat' dir='ltr'><strong>uon</strong></span> <span class='ocrx_word' id='word_1_7' title='bbox 842 511 927 572; x_wconf 94' lang='lat' dir='ltr'><strong>omni</strong></span> <span class='ocrx_word' id='word_1_8' title='bbox 939 511 1022 573; x_wconf 92' lang='lat' dir='ltr'><strong>malo</strong></span> <span class='ocrx_word' id='word_1_9' title='bbox 1038 512 1179 595; x_wconf 82' lang='lat' dir='ltr'><strong>aegritu·</strong></span> 
     </span>
     <span class='ocr_line' id='line_1_3' title="bbox 137 622 1177 710; baseline -0.003 -20"><span class='ocrx_word' id='word_1_10' title='bbox 137 626 249 690; x_wconf 88' lang='lat' dir='ltr'><strong>dinem</strong></span> <span class='ocrx_word' id='word_1_11' title='bbox 269 624 373 701; x_wconf 89' lang='lat' dir='ltr'><strong>effici,</strong></span> <span class='ocrx_word' id='word_1_12' title='bbox 396 622 451 686; x_wconf 89' lang='lat' dir='ltr'><strong>sed</strong></span> <span class='ocrx_word' id='word_1_13' title='bbox 470 624 565 686; x_wconf 87' lang='lat' dir='ltr'><strong>unico</strong></span> <span class='ocrx_word' id='word_1_14' title='bbox 586 624 746 707; x_wconf 90' lang='lat' dir='ltr'><strong>insperato</strong></span> <span class='ocrx_word' id='word_1_15' title='bbox 769 634 801 686; x_wconf 92' lang='lat' dir='ltr'><strong>et</strong></span> <span class='ocrx_word' id='word_1_16' title='bbox 821 624 1011 708; x_wconf 86' lang='lat' dir='ltr'><strong>necopinato</strong></span> <span class='ocrx_word' id='word_1_17' title='bbox 1031 624 1137 703; x_wconf 87' lang='lat' dir='ltr'><strong>malo,</strong></span> <span class='ocrx_word' id='word_1_18' title='bbox 1152 623 1177 710; x_wconf 92' lang='lat'><strong>¹)</strong></span> 
     </span>
     <span class='ocr_line' id='line_1_4' title="bbox 138 736 1180 825; baseline -0.004 -21"><span class='ocrx_word' id='word_1_19' title='bbox 138 753 238 825; x_wconf 89' lang='lat' dir='ltr'><strong>atquo</strong></span> <span class='ocrx_word' id='word_1_20' title='bbox 259 739 305 802; x_wconf 90' lang='lat' dir='ltr'><strong>ita</strong></span> <span class='ocrx_word' id='word_1_21' title='bbox 326 738 398 801; x_wconf 90' lang='lat' dir='ltr'><strong>satis</strong></span> <span class='ocrx_word' id='word_1_22' title='bbox 420 736 569 800; x_wconf 90' lang='lat' dir='ltr'><strong>hahuisse</strong></span> <span class='ocrx_word' id='word_1_23' title='bbox 599 737 630 798; x_wconf 92' lang='lat' dir='ltr'><strong>io</strong></span> <span class='ocrx_word' id='word_1_24' title='bbox 661 737 854 800; x_wconf 87' lang='lat' dir='ltr'><strong>consolando</strong></span> <span class='ocrx_word' id='word_1_25' title='bbox 882 738 1067 817; x_wconf 86' lang='lat' dir='ltr'><strong>ostendere,</strong></span> <span class='ocrx_word' id='word_1_26' title='bbox 1099 737 1180 800; x_wconf 89' lang='lat' dir='ltr'>nihil</span> 
     </span>
     <span class='ocr_line' id='line_1_5' title="bbox 138 847 1180 938; baseline -0.003 -21"><span class='ocrx_word' id='word_1_27' title='bbox 138 853 296 938; x_wconf 90' lang='lat' dir='ltr'><strong>inopinati</strong></span> <span class='ocrx_word' id='word_1_28' title='bbox 317 851 481 915; x_wconf 88' lang='lat' dir='ltr'><strong>accidisse.</strong></span> <span class='ocrx_word' id='word_1_29' title='bbox 492 847 518 936; x_wconf 81' lang='lat'><strong>²)</strong></span> <span class='ocrx_word' id='word_1_30' title='bbox 545 851 654 931; x_wconf 87' lang='lat' dir='ltr'><strong>Quum</strong></span> <span class='ocrx_word' id='word_1_31' title='bbox 674 852 758 913; x_wconf 89' lang='lat' dir='ltr'><strong>enim</strong></span> <span class='ocrx_word' id='word_1_32' title='bbox 786 852 881 915; x_wconf 88' lang='lat' dir='ltr'><strong>vitam</strong></span> <span class='ocrx_word' id='word_1_33' title='bbox 902 851 1048 915; x_wconf 80' lang='lat' dir='ltr'><strong>viderent</strong></span> <span class='ocrx_word' id='word_1_34' title='bbox 1069 852 1180 915; x_wconf 93' lang='lat' dir='ltr'><strong>multis</strong></span> 
     </span>
     <span class='ocr_line' id='line_1_6' title="bbox 140 963 1180 1049; baseline -0.004 -18"><span class='ocrx_word' id='word_1_35' title='bbox 140 967 310 1032; x_wconf 80' lang='lat' dir='ltr'><strong>obnoxiam</strong></span> <span class='ocrx_word' id='word_1_36' title='bbox 345 965 453 1042; x_wconf 91' lang='lat' dir='ltr'><strong>malis,</strong></span> <span class='ocrx_word' id='word_1_37' title='bbox 488 963 712 1048; x_wconf 88' lang='lat' dir='ltr'><strong>praemeditari</strong></span> <span class='ocrx_word' id='word_1_38' title='bbox 732 964 890 1028; x_wconf 83' lang='lat' dir='ltr'><strong>docebant</strong></span> <span class='ocrx_word' id='word_1_39' title='bbox 908 967 991 1049; x_wconf 91' lang='lat' dir='ltr'><strong>ipsas</strong></span> <span class='ocrx_word' id='word_1_40' title='bbox 1011 965 1180 1028; x_wconf 88' lang='lat' dir='ltr'><strong>calamita-</strong></span> 
     </span>
     <span class='ocr_line' id='line_1_7' title="bbox 140 1078 1180 1164; baseline -0.005 -19"><span class='ocrx_word' id='word_1_41' title='bbox 140 1094 200 1158; x_wconf 87' lang='lat' dir='ltr'><strong>tes,</strong></span> <span class='ocrx_word' id='word_1_42' title='bbox 221 1091 257 1143; x_wconf 92' lang='lat' dir='ltr'><strong>ut</strong></span> <span class='ocrx_word' id='word_1_43' title='bbox 270 1101 310 1142; x_wconf 93' lang='lat' dir='ltr'><strong>ue</strong></span> <span class='ocrx_word' id='word_1_44' title='bbox 327 1091 435 1164; x_wconf 89' lang='lat' dir='ltr'><strong>postea</strong></span> <span class='ocrx_word' id='word_1_45' title='bbox 451 1079 615 1162; x_wconf 89' lang='lat' dir='ltr'><strong>inopinato</strong></span> <span class='ocrx_word' id='word_1_46' title='bbox 634 1078 842 1157; x_wconf 87' lang='lat' dir='ltr'><strong>accedentes,</strong></span> <span class='ocrx_word' id='word_1_47' title='bbox 864 1081 1090 1162; x_wconf 80' lang='lat' dir='ltr'><strong>perturbarent</strong></span> <span class='ocrx_word' id='word_1_48' title='bbox 1112 1079 1180 1141; x_wconf 88' lang='lat' dir='ltr'><strong>ani-</strong></span> 
     </span>
     <span class='ocr_line' id='line_1_8' title="bbox 139 1192 1180 1269; baseline -0.003 -11"><span class='ocrx_word' id='word_1_49' title='bbox 139 1217 230 1258; x_wconf 93' lang='lat' dir='ltr'><strong>mum</strong></span> <span class='ocrx_word' id='word_1_50' title='bbox 249 1216 286 1257; x_wconf 87' lang='lat' dir='ltr'><strong>ac</strong></span> <span class='ocrx_word' id='word_1_51' title='bbox 308 1193 419 1256; x_wconf 90' lang='lat' dir='ltr'><strong>dolore</strong></span> <span class='ocrx_word' id='word_1_52' title='bbox 438 1193 610 1256; x_wconf 89' lang='lat' dir='ltr'><strong>afficerent.</strong></span> <span class='ocrx_word' id='word_1_53' title='bbox 647 1192 834 1256; x_wconf 83' lang='lat' dir='ltr'><strong>Efficiobant</strong></span> <span class='ocrx_word' id='word_1_54' title='bbox 854 1204 961 1256; x_wconf 88' lang='lat' dir='ltr'><strong>autem</strong></span> <span class='ocrx_word' id='word_1_55' title='bbox 983 1192 1069 1269; x_wconf 93' lang='lat' dir='ltr'><strong>hinc,</strong></span> <span class='ocrx_word' id='word_1_56' title='bbox 1100 1194 1180 1255; x_wconf 90' lang='lat' dir='ltr'><strong>mala</strong></span> 
     </span>
     <span class='ocr_line' id='line_1_9' title="bbox 140 1303 1180 1393; baseline -0.005 -20"><span class='ocrx_word' id='word_1_57' title='bbox 140 1308 298 1393; x_wconf 88' lang='lat' dir='ltr'><strong>opinionis</strong></span> <span class='ocrx_word' id='word_1_58' title='bbox 313 1328 390 1384; x_wconf 90' lang='lat' dir='ltr'><strong>esse,</strong></span> <span class='ocrx_word' id='word_1_59' title='bbox 404 1328 467 1369; x_wconf 90' lang='lat' dir='ltr'><strong>non</strong></span> <span class='ocrx_word' id='word_1_60' title='bbox 482 1317 624 1370; x_wconf 90' lang='lat' dir='ltr'><strong>naturae.</strong></span> <span class='ocrx_word' id='word_1_61' title='bbox 635 1303 660 1392; x_wconf 80' lang='lat'><strong>³)</strong></span> <span class='ocrx_word' id='word_1_62' title='bbox 674 1307 754 1372; x_wconf 88' lang='lat' dir='ltr'><strong>Nam</strong></span> <span class='ocrx_word' id='word_1_63' title='bbox 768 1308 793 1368; x_wconf 92' lang='lat' dir='ltr'><strong>si</strong></span> <span class='ocrx_word' id='word_1_64' title='bbox 806 1308 938 1371; x_wconf 88' lang='lat' dir='ltr'><strong>eandem</strong></span> <span class='ocrx_word' id='word_1_65' title='bbox 955 1307 1180 1383; x_wconf 79' lang='lat' dir='ltr'><strong>calamitatem,</strong></span> 
     </span>
     <span class='ocr_line' id='line_1_10' title="bbox 141 1420 1181 1507; baseline -0.002 -22"><span class='ocrx_word' id='word_1_66' title='bbox 141 1444 205 1507; x_wconf 92' lang='lat' dir='ltr'><strong>qua</strong></span> <span class='ocrx_word' id='word_1_67' title='bbox 225 1420 405 1497; x_wconf 86' lang='lat' dir='ltr'><strong>afficimur,</strong></span> <span class='ocrx_word' id='word_1_68' title='bbox 434 1420 527 1483; x_wconf 92' lang='lat' dir='ltr'><strong>modo</strong></span> <span class='ocrx_word' id='word_1_69' title='bbox 557 1421 676 1483; x_wconf 90' lang='lat' dir='ltr'><strong>malum</strong></span> <span class='ocrx_word' id='word_1_70' title='bbox 699 1421 854 1499; x_wconf 84' lang='lat' dir='ltr'><strong>dicimus,</strong></span> <span class='ocrx_word' id='word_1_71' title='bbox 886 1422 962 1506; x_wconf 92' lang='lat' dir='ltr'><strong>quia</strong></span> <span class='ocrx_word' id='word_1_72' title='bbox 992 1421 1181 1505; x_wconf 89' lang='lat' dir='ltr'><strong>necopinato</strong></span> 
     </span>
     <span class='ocr_line' id='line_1_11' title="bbox 140 1533 1181 1621; baseline -0.002 -22"><span class='ocrx_word' id='word_1_73' title='bbox 140 1535 271 1613; x_wconf 91' lang='lat' dir='ltr'><strong>accidit,</strong></span> <span class='ocrx_word' id='word_1_74' title='bbox 294 1533 388 1596; x_wconf 91' lang='lat' dir='ltr'><strong>modo</strong></span> <span class='ocrx_word' id='word_1_75' title='bbox 407 1535 526 1596; x_wconf 91' lang='lat' dir='ltr'><strong>malum</strong></span> <span class='ocrx_word' id='word_1_76' title='bbox 549 1555 616 1597; x_wconf 88' lang='lat' dir='ltr'><strong>csse</strong></span> <span class='ocrx_word' id='word_1_77' title='bbox 645 1556 818 1620; x_wconf 83' lang='lat' dir='ltr'><strong>negamus,</strong></span> <span class='ocrx_word' id='word_1_78' title='bbox 851 1537 971 1621; x_wconf 92' lang='lat' dir='ltr'><strong>quippe</strong></span> <span class='ocrx_word' id='word_1_79' title='bbox 994 1558 1064 1598; x_wconf 91' lang='lat' dir='ltr'><strong>eam</strong></span> <span class='ocrx_word' id='word_1_80' title='bbox 1086 1557 1181 1620; x_wconf 90' lang='lat' dir='ltr'><strong>prac-</strong></span> 
     </span>
     <span class='ocr_line' id='line_1_12' title="bbox 141 1646 1181 1733; baseline -0.002 -21"><span class='ocrx_word' id='word_1_81' title='bbox 141 1648 297 1725; x_wconf 92' lang='lat' dir='ltr'><strong>meditati,</strong></span> <span class='ocrx_word' id='word_1_82' title='bbox 329 1647 472 1711; x_wconf 87' lang='lat' dir='ltr'><strong>dilucide</strong></span> <span class='ocrx_word' id='word_1_83' title='bbox 491 1646 567 1710; x_wconf 91' lang='lat' dir='ltr'><strong>hinc</strong></span> <span class='ocrx_word' id='word_1_84' title='bbox 599 1649 779 1733; x_wconf 77' lang='lat' dir='ltr'><strong>Cyrenaicis</strong></span> <span class='ocrx_word' id='word_1_85' title='bbox 812 1661 920 1733; x_wconf 89' lang='lat' dir='ltr'><strong>patero</strong></span> <span class='ocrx_word' id='word_1_86' title='bbox 948 1649 1116 1712; x_wconf 79' lang='lat' dir='ltr'><strong>videbatur</strong></span> <span class='ocrx_word' id='word_1_87' title='bbox 1148 1650 1181 1710; x_wconf 91' lang='lat' dir='ltr'><strong>in</strong></span> 
     </span>
     <span class='ocr_line' id='line_1_13' title="bbox 142 1763 1180 1848; baseline -0.001 -22"><span class='ocrx_word' id='word_1_88' title='bbox 142 1763 290 1848; x_wconf 90' lang='lat' dir='ltr'><strong>opinione</strong></span> <span class='ocrx_word' id='word_1_89' title='bbox 312 1773 455 1838; x_wconf 90' lang='lat' dir='ltr'><strong>tantum,</strong></span> <span class='ocrx_word' id='word_1_90' title='bbox 485 1783 549 1824; x_wconf 92' lang='lat' dir='ltr'><strong>non</strong></span> <span class='ocrx_word' id='word_1_91' title='bbox 575 1782 650 1825; x_wconf 80' lang='lat' dir='ltr'><strong>vero</strong></span> <span class='ocrx_word' id='word_1_92' title='bbox 678 1763 711 1824; x_wconf 90' lang='lat' dir='ltr'><strong>iu</strong></span> <span class='ocrx_word' id='word_1_93' title='bbox 739 1773 851 1825; x_wconf 90' lang='lat' dir='ltr'><strong>natura</strong></span> <span class='ocrx_word' id='word_1_94' title='bbox 877 1763 979 1847; x_wconf 91' lang='lat' dir='ltr'><strong>posita</strong></span> <span class='ocrx_word' id='word_1_95' title='bbox 1002 1786 1068 1825; x_wconf 86' lang='lat' dir='ltr'><strong>csse</strong></span> <span class='ocrx_word' id='word_1_96' title='bbox 1086 1763 1180 1825; x_wconf 90' lang='lat' dir='ltr'><strong>mala.</strong></span> 
     </span>
     <span class='ocr_line' id='line_1_14' title="bbox 140 1876 1182 1962; baseline 0 -23"><span class='ocrx_word' id='word_1_97' title='bbox 140 1877 285 1961; x_wconf 83' lang='lat' dir='ltr'><strong>Cumque</strong></span> <span class='ocrx_word' id='word_1_98' title='bbox 307 1876 455 1938; x_wconf 82' lang='lat' dir='ltr'><strong>universe</strong></span> <span class='ocrx_word' id='word_1_99' title='bbox 477 1876 577 1961; x_wconf 87' lang='lat' dir='ltr'><strong>magis</strong></span> <span class='ocrx_word' id='word_1_100' title='bbox 594 1878 813 1961; x_wconf 84' lang='lat' dir='ltr'><strong>voluptatum,</strong></span> <span class='ocrx_word' id='word_1_101' title='bbox 832 1899 929 1962; x_wconf 92' lang='lat' dir='ltr'><strong>quam</strong></span> <span class='ocrx_word' id='word_1_102' title='bbox 950 1877 1068 1940; x_wconf 89' lang='lat' dir='ltr'><strong>doloris</strong></span> <span class='ocrx_word' id='word_1_103' title='bbox 1080 1876 1182 1940; x_wconf 87' lang='lat' dir='ltr'><strong>habe-</strong></span> 
     </span>
     <span class='ocr_line' id='line_1_15' title="bbox 143 1988 1181 2075; baseline 0.002 -23"><span class='ocrx_word' id='word_1_104' title='bbox 143 2002 213 2053; x_wconf 86' lang='lat' dir='ltr'><strong>rent</strong></span> <span class='ocrx_word' id='word_1_105' title='bbox 233 1990 411 2067; x_wconf 92' lang='lat' dir='ltr'><strong>rationem,</strong></span> <span class='ocrx_word' id='word_1_106' title='bbox 434 1988 530 2052; x_wconf 87' lang='lat' dir='ltr'><strong>huius</strong></span> <span class='ocrx_word' id='word_1_107' title='bbox 554 1991 616 2053; x_wconf 88' lang='lat' dir='ltr'><strong>vim</strong></span> <span class='ocrx_word' id='word_1_108' title='bbox 638 2013 695 2075; x_wconf 91' lang='lat' dir='ltr'><strong>per</strong></span> <span class='ocrx_word' id='word_1_109' title='bbox 716 1991 788 2054; x_wconf 90' lang='lat' dir='ltr'><strong>illas</strong></span> <span class='ocrx_word' id='word_1_110' title='bbox 808 1991 1049 2055; x_wconf 87' lang='lat' dir='ltr'><strong>diminuendam</strong></span> <span class='ocrx_word' id='word_1_111' title='bbox 1068 2013 1181 2054; x_wconf 88' lang='lat' dir='ltr'><strong>cense-</strong></span> 
     </span>
     <span class='ocr_line' id='line_1_16' title="bbox 141 2103 1181 2188; baseline 0.001 -21"><span class='ocrx_word' id='word_1_112' title='bbox 141 2103 229 2168; x_wconf 84' lang='lat' dir='ltr'><strong>bant.</strong></span> <span class='ocrx_word' id='word_1_113' title='bbox 264 2104 370 2187; x_wconf 85' lang='lat' dir='ltr'><strong>Ipsam</strong></span> <span class='ocrx_word' id='word_1_114' title='bbox 389 2115 497 2166; x_wconf 89' lang='lat' dir='ltr'><strong>autem</strong></span> <span class='ocrx_word' id='word_1_115' title='bbox 518 2105 616 2168; x_wconf 88' lang='lat' dir='ltr'><strong>vitam</strong></span> <span class='ocrx_word' id='word_1_116' title='bbox 635 2104 756 2168; x_wconf 90' lang='lat' dir='ltr'><strong>nullius</strong></span> <span class='ocrx_word' id='word_1_117' title='bbox 776 2106 871 2188; x_wconf 91' lang='lat' dir='ltr'><strong>pretii</strong></span> <span class='ocrx_word' id='word_1_118' title='bbox 887 2106 1065 2184; x_wconf 84' lang='lat' dir='ltr'><strong>habebant,</strong></span> <span class='ocrx_word' id='word_1_119' title='bbox 1091 2127 1181 2168; x_wconf 92' lang='lat' dir='ltr'><strong>mor-</strong></span> 
     </span>
     <span class='ocr_line' id='line_1_17' title="bbox 141 2218 1181 2305; baseline 0.002 -25"><span class='ocrx_word' id='word_1_120' title='bbox 141 2230 273 2302; x_wconf 84' lang='lat' dir='ltr'><strong>temque</strong></span> <span class='ocrx_word' id='word_1_121' title='bbox 295 2237 399 2301; x_wconf 87' lang='lat' dir='ltr'><strong>aeque</strong></span> <span class='ocrx_word' id='word_1_122' title='bbox 421 2238 458 2280; x_wconf 92' lang='lat' dir='ltr'><strong>ac</strong></span> <span class='ocrx_word' id='word_1_123' title='bbox 481 2218 578 2281; x_wconf 78' lang='lat' dir='ltr'><strong>vitam</strong></span> <span class='ocrx_word' id='word_1_124' title='bbox 601 2218 832 2304; x_wconf 78' lang='lat' dir='ltr'><strong>expetendam,</strong></span> <span class='ocrx_word' id='word_1_125' title='bbox 864 2220 990 2305; x_wconf 90' lang='lat' dir='ltr'><strong>quade</strong></span> <span class='ocrx_word' id='word_1_126' title='bbox 1013 2241 1046 2284; x_wconf 98' lang='lat' dir='ltr'><strong>re</strong></span> <span class='ocrx_word' id='word_1_127' title='bbox 1070 2220 1181 2283; x_wconf 91' lang='lat' dir='ltr'><strong>Cicero</strong></span> 
     </span>
     <span class='ocr_line' id='line_1_18' title="bbox 140 2330 1179 2417; baseline 0.002 -25"><span class='ocrx_word' id='word_1_128' title='bbox 140 2331 266 2415; x_wconf 83' lang='lat' dir='ltr'><strong>insigne</strong></span> <span class='ocrx_word' id='word_1_129' title='bbox 285 2330 376 2393; x_wconf 90' lang='lat' dir='ltr'><strong>uobis</strong></span> <span class='ocrx_word' id='word_1_130' title='bbox 395 2333 530 2395; x_wconf 84' lang='lat' dir='ltr'><strong>servavit</strong></span> <span class='ocrx_word' id='word_1_131' title='bbox 548 2332 747 2417; x_wconf 83' lang='lat' dir='ltr'><strong>exemplum,</strong></span> <span class='ocrx_word' id='word_1_132' title='bbox 787 2355 937 2410; x_wconf 91' lang='lat' dir='ltr'><strong>narrans,</strong></span> <span class='ocrx_word' id='word_1_133' title='bbox 966 2332 1179 2410; x_wconf 88' lang='lat' dir='ltr'><strong>Theodorum,</strong></span> 
     </span>
     <span class='ocr_line' id='line_1_19' title="bbox 142 2445 1179 2530; baseline -0.001 -23"><span class='ocrx_word' id='word_1_134' title='bbox 142 2465 243 2529; x_wconf 91' lang='lat' dir='ltr'><strong>quum</strong></span> <span class='ocrx_word' id='word_1_135' title='bbox 274 2445 302 2507; x_wconf 90' lang='lat' dir='ltr'><strong>ei</strong></span> <span class='ocrx_word' id='word_1_136' title='bbox 332 2445 536 2530; x_wconf 87' lang='lat' dir='ltr'><strong>Lysimachus</strong></span> <span class='ocrx_word' id='word_1_137' title='bbox 567 2468 621 2508; x_wconf 85' lang='lat' dir='ltr'><strong>rex</strong></span> <span class='ocrx_word' id='word_1_138' title='bbox 652 2466 783 2515; x_wconf 90' lang='lat' dir='ltr'><strong>crucem</strong></span> <span class='ocrx_word' id='word_1_139' title='bbox 813 2446 1012 2524; x_wconf 88' lang='lat' dir='ltr'><strong>minaretur,</strong></span> <span class='ocrx_word' id='word_1_140' title='bbox 1044 2445 1179 2508; x_wconf 81' lang='lat' dir='ltr'><strong>dixisse:</strong></span> 
     </span>
     <span class='ocr_line' id='line_1_20' title="bbox 142 2557 1179 2646; baseline 0.002 -27"><span class='ocrx_word' id='word_1_141' title='bbox 142 2557 261 2637; x_wconf 88' lang='lat' dir='ltr'><strong>„istis,</strong></span> <span class='ocrx_word' id='word_1_142' title='bbox 295 2581 435 2645; x_wconf 91' lang='lat' dir='ltr'><strong>quaeso,</strong></span> <span class='ocrx_word' id='word_1_143' title='bbox 462 2560 522 2623; x_wconf 90' lang='lat' dir='ltr'><strong>ista</strong></span> <span class='ocrx_word' id='word_1_144' title='bbox 540 2559 707 2623; x_wconf 86' lang='lat' dir='ltr'><strong>horribilia</strong></span> <span class='ocrx_word' id='word_1_145' title='bbox 726 2562 872 2624; x_wconf 91' lang='lat' dir='ltr'><strong>minitare</strong></span> <span class='ocrx_word' id='word_1_146' title='bbox 890 2560 1074 2646; x_wconf 90' lang='lat' dir='ltr'><strong>purpuratis</strong></span> <span class='ocrx_word' id='word_1_147' title='bbox 1096 2561 1179 2638; x_wconf 75' lang='lat' dir='ltr'><strong>tuis,</strong></span> 
     </span>
     <span class='ocr_line' id='line_1_21' title="bbox 141 2670 1179 2758; baseline 0.003 -24"><span class='ocrx_word' id='word_1_148' title='bbox 141 2670 300 2735; x_wconf 89' lang='lat' dir='ltr'><strong>Theodori</strong></span> <span class='ocrx_word' id='word_1_149' title='bbox 324 2673 455 2758; x_wconf 89' lang='lat' dir='ltr'><strong>quidem</strong></span> <span class='ocrx_word' id='word_1_150' title='bbox 476 2674 521 2735; x_wconf 91' lang='lat' dir='ltr'><strong>nil</strong></span> <span class='ocrx_word' id='word_1_151' title='bbox 543 2675 693 2753; x_wconf 91' lang='lat' dir='ltr'><strong>interest,</strong></span> <span class='ocrx_word' id='word_1_152' title='bbox 727 2674 859 2738; x_wconf 89' lang='lat' dir='ltr'><strong>humine</strong></span> <span class='ocrx_word' id='word_1_153' title='bbox 888 2697 928 2738; x_wconf 87' lang='lat' dir='ltr'><strong>an</strong></span> <span class='ocrx_word' id='word_1_154' title='bbox 955 2675 1092 2738; x_wconf 90' lang='lat' dir='ltr'><strong>sublime</strong></span> <span class='ocrx_word' id='word_1_155' title='bbox 1120 2695 1179 2758; x_wconf 90' lang='lat' dir='ltr'><strong>pu·</strong></span> 
     </span>
    </p>
   </div>
   <div class='ocr_carea' id='block_1_3' title="bbox 142 2784 1181 2875">
    <p class='ocr_par' dir='ltr' id='par_1_3' title="bbox 142 2784 1181 2875">
     <span class='ocr_line' id='line_1_22' title="bbox 142 2784 1181 2875; baseline 0.005 -28"><span class='ocrx_word' id='word_1_156' title='bbox 142 2784 335 2873; x_wconf 78' lang='lat' dir='ltr'><strong>trescat.”⁴)</strong></span> <span class='ocrx_word' id='word_1_157' title='bbox 371 2789 485 2872; x_wconf 89' lang='lat' dir='ltr'><strong>Itaque</strong></span> <span class='ocrx_word' id='word_1_158' title='bbox 508 2811 609 2874; x_wconf 90' lang='lat' dir='ltr'><strong>quum</strong></span> <span class='ocrx_word' id='word_1_159' title='bbox 638 2790 684 2851; x_wconf 90' lang='lat' dir='ltr'><strong>sic</strong></span> <span class='ocrx_word' id='word_1_160' title='bbox 713 2788 753 2851; x_wconf 88' lang='lat' dir='ltr'><strong>de</strong></span> <span class='ocrx_word' id='word_1_161' title='bbox 782 2800 884 2851; x_wconf 91' lang='lat' dir='ltr'><strong>morte</strong></span> <span class='ocrx_word' id='word_1_162' title='bbox 917 2790 1116 2875; x_wconf 85' lang='lat' dir='ltr'><strong>cogitarent,</strong></span> <span class='ocrx_word' id='word_1_163' title='bbox 1147 2790 1181 2852; x_wconf 93' lang='lat' dir='ltr'><strong>iu</strong></span> 
     </span>
    </p>
   </div>
   <div class='ocr_carea' id='block_1_4' title="bbox 141 2900 1180 3445">
    <p class='ocr_par' dir='ltr' id='par_1_4' title="bbox 141 2900 1180 3445">
     <span class='ocr_line' id='line_1_23' title="bbox 143 2900 1180 2988; baseline 0.003 -26"><span class='ocrx_word' id='word_1_164' title='bbox 143 2900 413 2966; x_wconf 88' lang='lat' dir='ltr'><strong>consolationibus</strong></span> <span class='ocrx_word' id='word_1_165' title='bbox 436 2925 506 2966; x_wconf 90' lang='lat' dir='ltr'><strong>eam</strong></span> <span class='ocrx_word' id='word_1_166' title='bbox 530 2924 637 2988; x_wconf 89' lang='lat' dir='ltr'><strong>neque</strong></span> <span class='ocrx_word' id='word_1_167' title='bbox 653 2902 792 2979; x_wconf 89' lang='lat' dir='ltr'><strong>malum,</strong></span> <span class='ocrx_word' id='word_1_168' title='bbox 813 2903 1062 2984; x_wconf 88' lang='lat' dir='ltr'><strong>uequebonum,</strong></span> <span class='ocrx_word' id='word_1_169' title='bbox 1075 2924 1180 2987; x_wconf 90' lang='lat' dir='ltr'><strong>neque</strong></span> 
     </span>
     <span class='ocr_line' id='line_1_24' title="bbox 141 3013 1180 3100; baseline 0.001 -24"><span class='ocrx_word' id='word_1_170' title='bbox 141 3014 213 3077; x_wconf 90' lang='lat' dir='ltr'><strong>ideo</strong></span> <span class='ocrx_word' id='word_1_171' title='bbox 233 3015 405 3100; x_wconf 86' lang='lat' dir='ltr'><strong>lugendam</strong></span> <span class='ocrx_word' id='word_1_172' title='bbox 425 3017 571 3082; x_wconf 89' lang='lat' dir='ltr'><strong>statuisse</strong></span> <span class='ocrx_word' id='word_1_173' title='bbox 592 3016 756 3095; x_wconf 75' lang='lat' dir='ltr'><strong>videntur,</strong></span> <span class='ocrx_word' id='word_1_174' title='bbox 777 3025 888 3079; x_wconf 91' lang='lat' dir='ltr'><strong>utrum</strong></span> <span class='ocrx_word' id='word_1_175' title='bbox 909 3035 983 3078; x_wconf 86' lang='lat' dir='ltr'><strong>vero</strong></span> <span class='ocrx_word' id='word_1_176' title='bbox 1000 3013 1097 3077; x_wconf 91' lang='lat' dir='ltr'><strong>iidem</strong></span> <span class='ocrx_word' id='word_1_177' title='bbox 1113 3016 1180 3077; x_wconf 91' lang='lat' dir='ltr'><strong>ani-</strong></span> 
     </span>
     <span class='ocr_line' id='line_1_25' title="bbox 142 3129 1178 3216; baseline 0.003 -27"><span class='ocrx_word' id='word_1_178' title='bbox 142 3149 230 3190; x_wconf 90' lang='lat' dir='ltr'><strong>mum</strong></span> <span class='ocrx_word' id='word_1_179' title='bbox 253 3151 406 3214; x_wconf 89' lang='lat' dir='ltr'><strong>quoque,</strong></span> <span class='ocrx_word' id='word_1_180' title='bbox 429 3143 465 3194; x_wconf 93' lang='lat' dir='ltr'><strong>ut</strong></span> <span class='ocrx_word' id='word_1_181' title='bbox 487 3132 663 3216; x_wconf 86' lang='lat' dir='ltr'><strong>Epicurus,</strong></span> <span class='ocrx_word' id='word_1_182' title='bbox 687 3153 762 3202; x_wconf 82' lang='lat' dir='ltr'><strong>cum</strong></span> <span class='ocrx_word' id='word_1_183' title='bbox 784 3150 918 3213; x_wconf 85' lang='lat' dir='ltr'><strong>corpore</strong></span> <span class='ocrx_word' id='word_1_184' title='bbox 941 3129 1117 3214; x_wconf 79' lang='lat' dir='ltr'><strong>exstingui,</strong></span> <span class='ocrx_word' id='word_1_185' title='bbox 1139 3151 1178 3192; x_wconf 89' lang='lat' dir='ltr'><strong>an</strong></span> 
     </span>
     <span class='ocr_line' id='line_1_26' title="bbox 142 3242 1179 3329; baseline 0.004 -27"><span class='ocrx_word' id='word_1_186' title='bbox 142 3261 216 3304; x_wconf 83' lang='lat' dir='ltr'><strong>vero</strong></span> <span class='ocrx_word' id='word_1_187' title='bbox 246 3242 459 3308; x_wconf 89' lang='lat' dir='ltr'><strong>immortalem</strong></span> <span class='ocrx_word' id='word_1_188' title='bbox 486 3247 687 3322; x_wconf 89' lang='lat' dir='ltr'><strong>censuerint,</strong></span> <span class='ocrx_word' id='word_1_189' title='bbox 720 3267 796 3328; x_wconf 85' lang='lat' dir='ltr'><strong>prae</strong></span> <span class='ocrx_word' id='word_1_190' title='bbox 825 3244 1032 3329; x_wconf 91' lang='lat' dir='ltr'><strong>antiquorum</strong></span> <span class='ocrx_word' id='word_1_191' title='bbox 1053 3242 1113 3309; x_wconf 93' lang='lat' dir='ltr'><strong>hac</strong></span> <span class='ocrx_word' id='word_1_192' title='bbox 1139 3242 1179 3306; x_wconf 91' lang='lat' dir='ltr'><strong>de</strong></span> 
     </span>
     <span class='ocr_line' id='line_1_27' title="bbox 143 3355 677 3445; baseline 0.006 -27"><span class='ocrx_word' id='word_1_193' title='bbox 143 3377 177 3418; x_wconf 88' lang='lat' dir='ltr'><strong>re</strong></span> <span class='ocrx_word' id='word_1_194' title='bbox 198 3357 325 3421; x_wconf 90' lang='lat' dir='ltr'><strong>silentio</strong></span> <span class='ocrx_word' id='word_1_195' title='bbox 346 3358 495 3422; x_wconf 90' lang='lat' dir='ltr'><strong>affirmari</strong></span> <span class='ocrx_word' id='word_1_196' title='bbox 515 3359 637 3445; x_wconf 91' lang='lat' dir='ltr'><strong>nequit.</strong></span> <span class='ocrx_word' id='word_1_197' title='bbox 653 3355 677 3444; x_wconf 79' lang='lat'><strong>⁶)</strong></span> 
     </span>
    </p>
   </div>
   <div class='ocr_carea' id='block_1_5' title="bbox 164 3519 346 3527">
    <p class='ocr_par' dir='ltr' id='par_1_5' title="bbox 164 3519 346 3527">
     <span class='ocr_line' id='line_1_28' title="bbox 164 3519 346 3527; baseline 0.016 -3"><span class='ocrx_word' id='word_1_198' title='bbox 164 3519 264 3526; x_wconf 76' lang='lat'>-.-—.-.</span> <span class='ocrx_word' id='word_1_199' title='bbox 270 3521 284 3526; x_wconf 90' lang='lat'><strong>..</strong></span> <span class='ocrx_word' id='word_1_200' title='bbox 296 3521 300 3526; x_wconf 88' lang='lat'><em>.</em></span> <span class='ocrx_word' id='word_1_201' title='bbox 306 3521 310 3526; x_wconf 87' lang='lat'>.</span> <span class='ocrx_word' id='word_1_202' title='bbox 324 3522 346 3527; x_wconf 76' lang='grc'><strong>...-</strong></span> 
     </span>
    </p>
   </div>
   <div class='ocr_carea' id='block_1_6' title="bbox 141 3604 1178 4143">
    <p class='ocr_par' dir='ltr' id='par_1_6' title="bbox 141 3604 1178 3772">
     <span class='ocr_line' id='line_1_29' title="bbox 176 3604 1178 3676; baseline 0 -22"><span class='ocrx_word' id='word_1_203' title='bbox 176 3604 202 3668; x_wconf 89' lang='grc'><strong>1)</strong></span> <span class='ocrx_word' id='word_1_204' title='bbox 237 3608 288 3658; x_wconf 89' lang='lat' dir='ltr'><strong>Cic.</strong></span> <span class='ocrx_word' id='word_1_205' title='bbox 307 3611 382 3661; x_wconf 76' lang='lat' dir='ltr'><strong>Taso.</strong></span> <span class='ocrx_word' id='word_1_206' title='bbox 401 3611 431 3668; x_wconf 81' lang='lat' dir='ltr'><strong>Q.</strong></span> <span class='ocrx_word' id='word_1_207' title='bbox 450 3609 544 3661; x_wconf 84' lang='lat'>111.13</span> <span class='ocrx_word' id='word_1_208' title='bbox 560 3609 641 3661; x_wconf 74' lang='lat' dir='ltr'><strong>etat.</strong></span> <span class='ocrx_word' id='word_1_209' title='bbox 665 3612 736 3659; x_wconf 89' lang='lat' dir='ltr'><strong>Idem</strong></span> <span class='ocrx_word' id='word_1_210' title='bbox 749 3612 873 3676; x_wconf 80' lang='lat' dir='ltr'><strong>placuisse</strong></span> <span class='ocrx_word' id='word_1_211' title='bbox 887 3610 1018 3672; x_wconf 83' lang='lat' dir='ltr'><strong>Carneadi,</strong></span> <span class='ocrx_word' id='word_1_212' title='bbox 1035 3612 1124 3656; x_wconf 86' lang='lat' dir='ltr'><strong>auctor</strong></span> <span class='ocrx_word' id='word_1_213' title='bbox 1139 3612 1178 3655; x_wconf 87' lang='lat' dir='ltr'><strong>est</strong></span> 
     </span>
     <span class='ocr_line' id='line_1_30' title="bbox 141 3687 606 3772; baseline 0.011 -24"><span class='ocrx_word' id='word_1_214' title='bbox 141 3699 208 3750; x_wconf 72' lang='lat' dir='ltr'><strong>arur.</strong></span> <span class='ocrx_word' id='word_1_215' title='bbox 226 3690 293 3771; x_wconf 73' lang='grc' dir='ltr'><strong>περὶ</strong></span> <span class='ocrx_word' id='word_1_216' title='bbox 307 3687 456 3772; x_wconf 66' lang='grc' dir='ltr'><strong>εὐθυμίας</strong></span> <span class='ocrx_word' id='word_1_217' title='bbox 477 3722 501 3769; x_wconf 77' lang='lat' dir='ltr'><strong>p.</strong></span> <span class='ocrx_word' id='word_1_218' title='bbox 518 3702 569 3751; x_wconf 76' lang='lat'><strong>474</strong></span> <span class='ocrx_word' id='word_1_219' title='bbox 581 3705 606 3753; x_wconf 90' lang='lat' dir='ltr'><strong>r.</strong></span> 
     </span>
    </p>

    <p class='ocr_par' dir='ltr' id='par_1_7' title="bbox 176 3792 585 3856">
     <span class='ocr_line' id='line_1_31' title="bbox 176 3792 585 3856; baseline 0.005 -15"><span class='ocrx_word' id='word_1_220' title='bbox 176 3792 202 3856; x_wconf 77' lang='lat'><strong>2)</strong></span> <span class='ocrx_word' id='word_1_221' title='bbox 237 3795 288 3845; x_wconf 91' lang='lat' dir='ltr'><strong>Cic.</strong></span> <span class='ocrx_word' id='word_1_222' title='bbox 306 3796 369 3846; x_wconf 89' lang='lat' dir='ltr'><strong>Ibid.</strong></span> <span class='ocrx_word' id='word_1_223' title='bbox 387 3795 485 3847; x_wconf 87' lang='lat'><strong>111.31.</strong></span> <span class='ocrx_word' id='word_1_224' title='bbox 582 3839 585 3843; x_wconf 87' lang='lat'><em>.</em></span> 
     </span>
    </p>

    <p class='ocr_par' dir='ltr' id='par_1_8' title="bbox 175 3884 418 3948">
     <span class='ocr_line' id='line_1_32' title="bbox 175 3884 418 3948; baseline 0.021 -13"><span class='ocrx_word' id='word_1_225' title='bbox 175 3884 201 3948; x_wconf 85' lang='lat'><strong>3)</strong></span> <span class='ocrx_word' id='word_1_226' title='bbox 236 3889 418 3941; x_wconf 83' lang='lat' dir='ltr'><strong>thid.111.15.</strong></span> 
     </span>
    </p>

    <p class='ocr_par' dir='ltr' id='par_1_9' title="bbox 176 3978 396 4042">
     <span class='ocr_line' id='line_1_33' title="bbox 176 3978 396 4042; baseline 0.014 -12"><span class='ocrx_word' id='word_1_227' title='bbox 176 3978 202 4042; x_wconf 73' lang='lat'><strong>4)</strong></span> <span class='ocrx_word' id='word_1_228' title='bbox 237 3982 302 4034; x_wconf 86' lang='lat' dir='ltr'><strong>lbid.</strong></span> <span class='ocrx_word' id='word_1_229' title='bbox 318 3985 338 4035; x_wconf 90' lang='lat'><strong>1.</strong></span> <span class='ocrx_word' id='word_1_230' title='bbox 355 3982 396 4034; x_wconf 82' lang='lat'><strong>43.</strong></span> 
     </span>
    </p>

    <p class='ocr_par' dir='ltr' id='par_1_10' title="bbox 176 4072 932 4143">
     <span class='ocr_line' id='line_1_34' title="bbox 176 4072 932 4143; baseline 0.012 -23"><span class='ocrx_word' id='word_1_231' title='bbox 176 4072 201 4137; x_wconf 81' lang='lat'><strong>5)</strong></span> <span class='ocrx_word' id='word_1_232' title='bbox 238 4077 293 4126; x_wconf 83' lang='lat' dir='ltr'><strong>vid.</strong></span> <span class='ocrx_word' id='word_1_233' title='bbox 311 4080 442 4141; x_wconf 87' lang='lat' dir='ltr'><strong>Wyttenb.</strong></span> <span class='ocrx_word' id='word_1_234' title='bbox 460 4081 536 4143; x_wconf 80' lang='lat' dir='ltr'><strong>Disp.</strong></span> <span class='ocrx_word' id='word_1_235' title='bbox 556 4080 587 4127; x_wconf 84' lang='lat' dir='ltr'><strong>de</strong></span> <span class='ocrx_word' id='word_1_236' title='bbox 605 4096 645 4130; x_wconf 84' lang='lat' dir='ltr'><strong>an.</strong></span> <span class='ocrx_word' id='word_1_237' title='bbox 664 4081 770 4130; x_wconf 78' lang='lat' dir='ltr'><strong>immort.</strong></span> <span class='ocrx_word' id='word_1_238' title='bbox 791 4096 814 4143; x_wconf 89' lang='lat' dir='ltr'><strong>p.</strong></span> <span class='ocrx_word' id='word_1_239' title='bbox 828 4077 879 4127; x_wconf 80' lang='lat'><strong>632</strong></span> <span class='ocrx_word' id='word_1_240' title='bbox 895 4095 932 4141; x_wconf 83' lang='lat' dir='ltr'><strong>sq.</strong></span> 
     </span>
    </p>
   </div>
   <div class='ocr_carea' id='block_1_7' title="bbox 0 0 1336 4844">
    <p class='ocr_par' dir='ltr' id='par_1_11' title="bbox 0 0 1336 4844">
     <span class='ocr_line' id='line_1_35' title="bbox 0 0 1336 4844; baseline 0 0"><span class='ocrx_word' id='word_1_241' title='bbox 0 0 1336 4844; x_wconf 95' lang='lat' dir='ltr'><strong> </strong></span> 
     </span>
    </p>
   </div>
  </div>
 </body>
</html>
