2648 4844
692 342 754 402 tro

202 537 273 584 men
298 534 421 584 summa
449 520 598 584 libertale
617 522 726 606 loqui,
752 523 912 584 neminem
928 521 1110 605 suspicere,
1138 543 1242 608 neque

200 634 311 698 dolere
329 624 497 712 affectunt,
512 650 607 719 aegre
626 656 715 698 snam
732 635 816 698 ferre
835 646 962 699 sortem.
987 636 1084 712 Nam,
1104 635 1151 698 sic
1169 656 1240 720 per-

202 749 267 834 git,
291 749 414 811 etiamsi
442 748 551 834 aliqua
569 762 602 811 re
622 755 678 810 nos
696 750 798 832 privet
817 748 985 825 exsilium,
1010 759 1119 812 tamen
1137 749 1239 829 bona,

201 876 284 947 quae
308 880 384 924 vere
410 863 454 925 ita
487 861 660 937 dicuntur,
695 861 822 925 auferre
854 861 983 923 minime
1016 871 1142 946 potest:
1168 850 1242 926 ούνε

200 973 264 1068 νοίρ
289 971 451 1068 ἀνδρείαν,
479 972 500 1066 ἢ
525 972 726 1068 δικαιοσύνην
756 972 773 1047 ὁ
807 970 939 1068 φεύγων
964 976 1048 1064 ἔχειν
1069 972 1239 1062 κωλύεται,

201 1083 254 1156 διὰ
275 1082 405 1178 φεύγει,
431 1082 507 1156 σύτο
533 1082 762 1180 σωφροσύνην,
786 1082 808 1179 ἢ
835 1080 1006 1180 φρόνησιν,
1035 1081 1102 1157 οὐδ’
1127 1085 1240 1180 ἄρενὴν

201 1192 298 1288 ίίλλην
319 1192 469 1289 ἦνιινοῦν,
492 1200 527 1266 αῖ
549 1200 718 1289 παρούσαί
737 1217 773 1266 σε
793 1207 925 1284 κοσμεῖν
945 1201 999 1266 καί
1020 1187 1162 1289 οίφελεῖν
1182 1219 1240 1268 πε-

202 1303 326 1401 φύκασι
357 1304 414 1378 νύν
443 1303 643 1400 ἄνθρωπον,
674 1311 728 1376 καί
758 1305 924 1379 ἐπαινετόν
958 1304 1156 1400 ἀποφαίνειν
1188 1313 1239 1379 καί

200 1415 330 1510 εύκλεῆ,
364 1414 511 1488 οἷποῦσαί
543 1444 579 1486 ιε
609 1413 766 1504 βλάπτειν
791 1422 846 1488 καί
875 1413 1112 1506 καταισχύνειν,
1146 1417 1239 1491 κακόν

199 1526 425 1623 ἀποφαίνουσι
444 1533 498 1598 καί
515 1525 619 1622 ἀκλεῆ.
643 1537 676 1599 Si
692 1512 776 1600 enim
790 1537 892 1601 bonus
904 1548 936 1600 ct
954 1538 1107 1616 fortites,
1133 1539 1237 1622 repel-
1278 1584 1281 1590 -

199 1648 245 1710 les
263 1647 425 1729 dolorem3
450 1650 476 1712 si
498 1663 573 1714 vero
594 1651 746 1737 ignavus,
771 1651 1017 1729 amterminum,
1037 1651 1092 1715 sed
1110 1648 1236 1738 ignavia

198 1774 254 1827 tna
271 1774 301 1826 te
315 1763 426 1827 dolore
444 1764 572 1830 afficiet.
596 1761 797 1829 Alterutrum
809 1777 916 1829 autem
933 1777 979 1828 est
999 1767 1233 1846 necessarium,

198 1888 230 1939 te
255 1879 306 1940 vel
335 1877 452 1961 lnjutte
477 1880 528 1942 sel
550 1878 637 1962 juste
658 1881 762 1942 solum
783 1880 931 1958 vertisse3
957 1881 982 1942 si
1008 1879 1147 1963 injuste,
1173 1900 1235 1945 nan

92 1991 101 2008 '
196 2000 307 2070 tuum,
325 1992 380 2056 sed
397 2008 532 2072 eorum,
558 1992 615 2077 qui
632 1991 818 2074 ejecerunt,
843 2005 889 2057 est
909 1992 1062 2057 damnum
1084 2004 1116 2056 et
1140 1995 1235 2080 igne-

196 2103 310 2184 ntinia3
346 2107 469 2169 sivero
490 2105 595 2189 juste,
630 2125 731 2190 quare
760 2107 834 2169 viris
856 2105 951 2187 justis
977 2097 1080 2171 lratus
1109 2107 1167 2172 esi
1199 2095 1236 2172 τύ

134 2271 138 2275 ,
165 2282 167 2284 ,
195 2220 254 2304 μὲν
282 2216 344 2312 γυῖρ
378 2216 511 2305 ἀδικεῖν,
542 2218 580 2312 νῆ
611 2223 692 2304 Δία,
724 2216 983 2309 θεομισίσνοπόν
1015 2224 1115 2306 ἐστιν,
1150 2218 1234 2314 ὅπερ

192 2338 328 2416 ἐκείνοις
361 2341 558 2431 συμβέβηκε·
590 2335 629 2409 σύ
664 2333 893 2427 νίοῖδικεῖσθαι,
921 2337 1005 2433 ὅπερ
1036 2343 1236 2434 συμβέβηκεν

193 2446 281 2540 ημῖν,
303 2451 357 2516 καί
374 2446 467 2541 παρὰ
487 2457 583 2528 θεοῖς
603 2453 657 2518 καί
678 2445 754 2542 παρ’
776 2442 968 2543 ἀνθρώποις
982 2459 1053 2529 τοῖς
1066 2452 1235 2522 ἐπιεικέσιν
1266 2532 1268 2539 y

194 2559 394 2645 ἐπιμελείας,
413 2555 479 2629 ἀλλ’
501 2557 575 2648 ούχι
591 2563 710 2649 μίσους
730 2558 820 2644 ἄξιον
832 2556 912 2633 εἶναι
927 2559 1134 2653 ὑπείληπται.
1203 2642 1207 2646 .

238 2684 409 2771 Agendum
432 2686 499 2769 jam
529 2686 620 2751 nobis¹
649 2701 695 2753 est
721 2688 760 2751 de
792 2685 1002 2768 Plutarcho,
1037 2691 1129 2753 cuius
1152 2691 1233 2754 liber

190 2799 235 2863 de
250 2801 378 2879 exsilio,
405 2806 440 2864 ut
462 2814 605 2866 caeterae
628 2803 872 2881 consolationes,
898 2816 1020 2866 summo
1044 2804 1233 2890 philosophe

193 2914 367 3002 perdignus
387 2927 443 2981 est.
478 2911 608 2981 Etiamsi
627 2918 711 2978 enirn
731 2918 763 2979 in
781 2930 818 2979 εο
837 2914 1040 2979 inveniantur
1062 2909 1233 2995 nnnnulla,

190 3028 237 3094 ita
253 3045 327 3094 cum
345 3024 478 3093 Musonii
497 3030 590 3093 dictis
605 3030 845 3108 convenientia,
872 3040 906 3093 ut
928 3043 1001 3093 eum
1011 3028 1171 3110 imitatus,
1184 3032 1232 3093 'vel

193 3139 330 3229 uterque
352 3164 388 3205 ex
420 3142 581 3206 communi
611 3136 698 3205 lente
727 3143 869 3207 hausisse
899 3143 1062 3221 videatur,
1089 3145 1232 3229 exempla

192 3269 298 3320 tamen
313 3254 538 3333 historiarum,
563 3268 733 3347 praecepta
755 3254 1035 3340 philosophorum,
1060 3259 1231 3321 sententias

192 3381 379 3454 poetarum,
405 3382 437 3434 et
465 3372 593 3434 omnino
620 3370 742 3433 alienae
765 3371 871 3454 copias
891 3364 1056 3433 doctrinae
1071 3371 1123 3434 ita·
1136 3371 1231 3435 a'dhi-

189 3483 262 3562 het,
288 3486 410 3547 utnon
439 3484 543 3548 subito
569 3483 699 3547 aliunde
717 3494 880 3568 arreptae,
906 3483 960 3547 sed
983 3483 1105 3546 dudum
1128 3485 1230 3549 lectae

188 3607 221 3660 et
243 3596 406 3675 conditae,
422 3596 490 3678 jam
510 3608 585 3661 cum
604 3595 770 3659 scribentis
799 3597 897 3680 copiis
920 3596 1075 3686 coaluisse
1102 3597 1230 3662 videan-

188 3721 252 3776 tur.
267 3707 292 3797 ¹)
334 3704 474 3795 Epistola
502 3721 608 3774 autern
638 3720 702 3788 est,
739 3731 803 3794 qua
834 3711 973 3773 amicum
1005 3711 1168 3795 quendam
1198 3713 1230 3774 ln

188 3824 333 3887 exsilium
365 3823 478 3887 Sardes
508 3823 706 3907 profectum,
732 3811 867 3908 eamque
890 3824 1101 3886 calamitatem
1132 3847 1229 3912 aegro

224 4073 248 4138 ν)
285 4075 341 4123 vu.
360 4073 493 4136 warenn.
513 4067 599 4122 annot.
619 4072 650 4120 aa
672 4073 738 4121 ntus.
756 4046 827 4123 cois.
845 4073 880 4120 aa
894 4073 977 4136 Apoll.
999 4073 1054 4120 vu.
1067 4050 1110 4122 v'i.
1128 4091 1151 4137 p.
1167 4068 1226 4122 σεε.
