2648 4844
695 322 738 383 68

194 528 257 570 non
282 525 351 567 esse
379 503 516 577 malum,
539 501 627 586 qnod
644 522 682 563 er
701 503 770 562 eius
788 500 944 561 sententia
961 519 1071 560 revera
1087 498 1123 560 in
1140 496 1230 560 malis

193 615 481 682 essetlrabendum.
507 615 692 676 Doctrinam
703 624 929 690 antemsuam,
941 634 1006 697 qua
1017 611 1146 676 dolores
1157 631 1232 674 con·

192 743 313 795 stanter
336 727 503 801 terendos,
523 739 555 789 et
574 716 694 810 λίπῃ,
718 727 841 810 quippe
863 725 972 808 ψυχῆς
991 714 1191 810 παράλυσιν,
1204 720 1229 809 ¹)

192 843 304 907 sedulo
317 838 546 925 anfugiendam
558 838 708 915 dicebat,
732 861 766 900 re
787 838 903 901 deinde
924 839 1062 900 moriens
1072 838 1230 921 probavit.

191 957 272 1020 llam
298 976 400 1040 quum
432 965 563 1038 propter
591 954 721 1038 linguae
749 953 844 1016 ulcus
864 975 923 1037 per
946 951 1078 1037 aliquod
1107 963 1232 1034 tempus

192 1070 267 1133 cibo
294 1068 519 1144 abstinuisset,
549 1066 666 1129 deinde
691 1087 790 1144 sero,
817 1088 918 1151 quum
946 1067 1059 1128 melius
1077 1087 1111 1126 se
1129 1065 1232 1127 habe-

192 1194 260 1261 ret,
282 1182 434 1245 alimenta
451 1181 513 1265 ipsi
526 1181 707 1264 porrigeret
728 1179 894 1257 medicus,
914 1181 1064 1263 accipere
1082 1201 1120 1242 ea
1139 1201 1232 1241 recu-

193 1298 295 1373 savit,
324 1294 455 1357 dicens:
490 1284 536 1356 Σύ
557 1289 594 1354 δέ
616 1311 657 1369 με
678 1281 791 1370 tlotilet
812 1282 874 1376 ἤδη
893 1284 933 1354 τό
954 1289 1055 1355 πλέον
1073 1290 1133 1375 τῆς
1154 1283 1234 1355 iidoc

192 1396 425 1470 moriame·
442 1395 676 1487 ἆναστρέφειν,
709 1392 779 1464 εἶτα
808 1392 906 1465 πάλιν
936 1401 970 1479 ἐξ
1003 1395 1152 1487 ἰηταρχῆς
1178 1395 1235 1487 τήν

192 1509 291 1600 αι’ντὴν
319 1510 495 1601 ε”ρχεσθαις
528 1525 626 1599 atque
654 1516 699 1578 ita
731 1525 913 1578 constanter
943 1515 1032 1578 cibos
1062 1536 1232 1592 recusans,

193 1629 282 1693 brevi
304 1649 490 1713 supremum
510 1627 597 1690 diem
616 1628 705 1691 obiit.
717 1624 744 1710 ²)

240 1743 471 1827 Chrysippam,
492 1741 654 1805 Cleanthis
673 1741 870 1825 discipulus,
892 1742 986 1825 plura
1003 1763 1106 1827 eaqno
1122 1743 1236 1806 melio·

193 1879 250 1934 ra,
282 1877 380 1940 quam
401 1855 572 1939 magister,
595 1853 635 1916 de
656 1856 872 1918 consolatione
890 1857 1066 1939 praecepit.
1100 1856 1235 1940 Scripsit

194 1971 280 2032 enim
298 1966 453 2054 magnum
474 1990 554 2052 opus
575 1964 654 2050 περὶ
675 1967 811 2043 παθών,
835 1968 922 2053 quod
949 1981 1088 2054 quatuor
1110 1983 1235 2034 consta·

193 2082 250 2146 hat
265 2081 377 2158 libris,
393 2101 531 2165 quorum
547 2081 651 2143 tribus
661 2081 842 2164 prioribus,
860 2083 987 2144 nomine
997 2084 1132 2167 λογικῶν
1155 2074 1236 2148 ὑπο-

192 2181 379 2278 pappolum,
407 2191 448 2256 do
477 2193 601 2278 origine
633 2215 671 2255 ac
693 2205 807 2256 natura
828 2197 1107 2277 perturbationum
1134 2197 1236 2281 egisse

194 2304 342 2383 videtur,
362 2317 478 2391 quarto
500 2318 630 2383 autem,
663 2327 769 2391 quemv
781 2302 1020 2392 θεραπειτικὸν
1040 2310 1234 2394 appellavit,

194 2416 234 2480 de
257 2419 398 2497 ratione,
419 2442 482 2504 qua
504 2421 601 2482 animi
622 2421 878 2503 perturbationes
888 2423 950 2484 sint
968 2422 1182 2488 moderandae
1198 2448 1235 2489 ac

194 2529 363 2595 sedandae.
398 2532 529 2594 Praeter
547 2532 634 2595 hunc
650 2533 787 2610 librum,
808 2534 956 2598 laudatur
976 2537 1071 2599 etiam
1094 2539 1235 2602 eiusdem

193 2630 309 2727 ἠθικὸν
335 2639 415 2728 περὶ
436 2642 574 2723 παθῶν,
603 2644 692 2729 quod
721 2656 827 2708 tamen
845 2646 930 2710 idem
944 2672 982 2712 ac
1000 2643 1236 2734 θεραπεινιαόν

194 2753 291 2815 luisse
313 2775 411 2836 opus,
444 2776 482 2816 ac
508 2757 689 2839 promiscue
722 2769 859 2845 utroque
890 2764 1018 2825 nomine
1040 2763 1163 2827 dictum
1185 2769 1235 2828 vi-

195 2864 301 2932 detur.
315 2862 341 2952 3)
366 2867 503 2952 Egregie
528 2881 636 2934 autem
665 2894 739 2936 eum
767 2875 801 2936 in
821 2873 883 2938 hoc
902 2876 985 2940 libro
1008 2878 1048 2940 de
1070 2879 1235 2943 medendis

200 3013 407 3021 -----

230 3079 257 3144 1)
291 3082 443 3130 sonato,
465 3084 506 3131 nt.
522 3082 587 3147 toa,
602 3084 647 3135 sa.

230 3170 257 3234 a)
292 3173 362 3221 stou.
377 3174 441 3222 ura.
459 3176 499 3223 ut,
516 3175 542 3239 ⁷,
560 3175 603 3226 54.

229 3261 256 3327 3)
292 3265 396 3314 Dubitat
410 3268 507 3330 Baguet
524 3271 613 3321 Conon.
633 3273 664 3321 tle
683 3275 824 3343 Chrysippo
836 3295 861 3343 p.
882 3277 948 3344 305,
967 3287 1053 3330 utrum
1069 3284 1120 3332 duo
1137 3284 1165 3333 hi
1177 3285 1235 3335 libri

195 3361 223 3407 at
232 3359 340 3422 separati
353 3361 464 3425 tuerint,
473 3379 506 3412 an
519 3381 599 3415 unum
611 3372 710 3417 tantum
720 3387 798 3435 opus,
808 3372 907 3421 duobus
919 3377 1064 3426 nominihus
1076 3379 1234 3440 insignitum.

196 3451 244 3500 sed
261 3452 378 3516 pluribus
393 3455 457 3504 locis
469 3462 557 3521 aperte
574 3460 637 3509 dicit
655 3462 780 3526 Galenus,
800 3470 938 3530 utrumque
957 3485 1050 3519 nomen
1068 3473 1150 3520 eidem
1171 3474 1237 3522 libro

195 3545 273 3593 tuisse
292 3561 315 3595 e.
331 3562 355 3608 g,
376 3550 417 3596 De
432 3551 510 3614 Happ.
527 3558 553 3598 et
566 3553 634 3602 Part,
652 3554 719 3604 decr.
738 3557 756 3605 l.
770 3557 812 3609 lV.
829 3561 897 3609 Tom.
913 3561 932 3611 l.
948 3579 973 3625 p.
993 3561 1052 3626 275,
1078 3566 1151 3614 Basil.
1168 3568 1236 3633 (Vol.

178 3635 226 3688 Ν.
246 3654 271 3701 p.
290 3636 350 3700 364,
364 3641 408 3690 Ed.
428 3640 525 3705 ttuhn.)
543 3645 603 3693 ubi:
617 3632 657 3699 co*
684 3639 912 3718 θεραπευτικόν,
940 3643 958 3706 ὃ
984 3643 1024 3727 δή
1050 3648 1099 3708 καί
1124 3647 1238 3731 ἠθικόν

196 3713 396 3802 ἐπιγράφουσί
415 3747 502 3799 τινες·
520 3741 575 3785 tum
592 3739 608 3787 ι.
626 3740 656 3787 v.
675 3755 700 3803 p.
712 3739 762 3788 aar
780 3746 853 3794 nn.
871 3747 905 3813 (p.
917 3746 1021 3799 traua.
1035 3753 1132 3824 suan.)
1162 3739 1235 3826 ὅπερ

195 3813 323 3899 ἀληθῶς
342 3817 488 3906 ὑπίσχετο
508 3825 583 3889 κατά
604 3825 641 3892 τό
662 3833 877 3922 θεραπευτικόν
900 3840 950 3900 καὶ
978 3837 1086 3924 ἠθικόν
1113 3844 1235 3927 ἐπιγρα-

195 3915 328 4004 φόμενον
342 3924 462 4006 βιβλίθν.
485 3939 617 3990 Praeterea
632 3949 743 4007 quatuor
757 3953 857 3997 tantum
872 3950 931 4000 libri
948 3942 1015 4025 napi
1042 3947 1154 4008 παθῶν
1178 3975 1235 4006 me-

195 4032 341 4091 morantur,
360 4044 470 4093 quorum
485 4038 536 4083 tras
551 4034 643 4100 logici,
672 4046 778 4102 quartus
796 4059 856 4092 vero
877 4048 1020 4096 curatoriut
1043 4047 1190 4108 dicebatur;
1214 4052 1235 4098 st
