2648 4844
605 306 625 371 3

92 489 212 555 solandi
238 493 425 575 aigumeiita
458 488 660 575 rationesque
691 491 872 576 eicogitare
894 514 931 555 ac
959 491 1128 578 disponere

92 605 271 681 nitebatur,
302 605 398 666 immo
421 625 496 666 vero
517 605 550 666 in
572 605 609 666 iis
628 604 672 668 ita
695 604 900 669 elaborarunt
921 605 1126 695 philosophi,

91 729 124 782 u't
153 706 308 801 deinceps
332 715 555 801 philosophiae
584 718 711 781 moralis
731 716 816 782 haud
839 720 953 806 exigua
975 744 1047 806 pars
1069 723 1128 787 ha-

91 833 223 896 he'r'etur'
243 830 426 895 consolatio.
452 831 658 894 Praeiv'erunt
681 843 787 896 tamen
805 833 842 895 iis
864 855 902 896 ac
926 835 1025 899 veluti
1045 838 1127 901 viam

91 952 312 1010 monstrarunt
325 944 391 1022 alii,
422 966 502 1030 quos
521 944 582 1008 hoc
604 944 676 1007 loco
704 945 844 1010 breviter
877 968 1127 1014 commemorare

90 1059 174 1124 ha'ud
196 1059 251 1123 a'hs
274 1069 308 1121 re
330 1068 397 1121 esse
420 1055 555 1121 videtur.

132 1160 174 1238 Ut
193 1174 226 1235 in
245 1171 343 1234 n'ullis
359 1193 421 1234 non
440 1171 552 1250 rebus,
568 1171 613 1234 sic
632 1193 762 1256 quoque
781 1172 814 1234 in
832 1172 904 1235 loco
924 1171 963 1236 de
981 1177 1128 1241 consola—

90 1287 173 1350 tione
186 1285 391 1371 philosophos
405 1277 647 1369 praecesserunt
658 1297 781 1368 poetae.
803 1286 1041 1353 Vetustissimos
1052 1290 1126 1370 ille,

90 1401 238 1486 idemque
259 1398 509 1483 simplicissimus
533 1399 693 1476 omnium,
718 1401 874 1463 Homerus
896 1400 1056 1466 Achillem
1077 1404 1126 1466 in-

89 1515 178 1579 ducit
210 1501 372 1577 Priamum
404 1512 445 1576 de
474 1520 576 1577 morte
607 1515 753 1577 Hectoris
784 1498 1000 1602 consolantem
1031 1517 1126 1602 eique

89 1628 331 1714 persuadentem
350 1628 434 1691 bono
460 1627 498 1689 sit
525 1628 648 1705 animo,
674 1650 776 1713 quum
795 1638 912 1691 sortem
931 1628 1020 1693 illam
1043 1629 1127 1693 divi-

91 1745 172 1807 nitus
193 1743 365 1806 immissam
386 1739 527 1827 lugendo
547 1751 671 1804 mutare
687 1740 751 1803 non
763 1737 895 1824 possit1)
911 1765 918 1819 3
945 1745 1128 1806 tumeliam

89 1857 121 1920 in
141 1855 341 1920 memorabili
362 1844 419 1920 illo
452 1855 492 1919 de
513 1856 659 1919 Hectoris
682 1855 722 1919 ah
742 1854 965 1919 Andromacha
985 1855 1125 1920 discessu

90 1971 181 2051 loco,
205 1970 298 2035 illum
325 1971 403 2033 lacit
435 1976 566 2033 uxorem
599 1991 709 2047 suam,
743 1980 821 2032 utne
843 1971 974 2054 lugeat,
1010 1969 1128 2034 adhor-

90 2096 218 2164 tantem,
242 2107 316 2148 cum
337 2106 431 2148 nemo
452 2084 642 2162 inveniatur,
666 2084 721 2169 qui
743 2084 844 2147 fatum
861 2105 953 2147 suum
970 2084 1126 2168 aufugere

90 2200 196 2284 possit.
207 2196 233 2284 ²)
254 2199 413 2262 Latiorem
434 2196 550 2260 deinde
571 2196 667 2279 hujus
689 2197 753 2260 loci
776 2197 955 2281 explicandi
977 2218 1127 2281 campum

91 2311 272 2377 habuerunt
298 2324 411 2397 poetae
429 2304 517 2375 ¹cum
543 2311 677 2396 elegiaci
699 2322 768 2373 tum
793 2312 911 2396 lyrici,
945 2312 978 2372 in
1003 2310 1127 2395 ,quihus
1187 2386 1189 2390 .

91 2426 285 2491 memorandi
304 2438 377 2490 sunt
398 2436 471 2490 ante
490 2447 598 2488 omnes
619 2424 833 2488 Archilochus
846 2421 872 2509 ³)
897 2435 928 2487 et
951 2422 1125 2500 Pindarus,

92 2543 145 2626 qui
163 2532 300 2632 θρήνοις
321 2530 384 2604 suis
418 2623 423 2657 ι

321 2732 409 2779 Flebili
425 2747 529 2795 sponsae
545 2732 700 2794 juvenemne
717 2734 816 2793 raptum

320 2826 420 2887 Plorat,
437 2831 464 2872 et
481 2825 546 2872 vires
560 2825 725 2886 animumque
741 2839 875 2885 moresque

320 2921 417 2967 Aureos
435 2918 523 2966 educit
540 2919 567 2966 in
585 2925 666 2980 aetra,
684 2918 809 2979 nigroque

436 3013 537 3060 Invidet
557 3029 635 3060 orco:
651 3003 675 3072 ⁴)

94 3194 295 3209 ...ψ-..-

126 3324 149 3388 1)
184 3325 494 3375 rma.xxv1.vs.ms.

124 3433 150 3499 h)
185 3436 306 3484 [ninvl.
332 3452 368 3484 vs.
389 3435 447 3484 486.
474 3437 510 3484 Cs.
529 3437 618 3483 Petrus
637 3435 669 3482 ha
685 3433 759 3481 Seine
778 3433 809 3479 de
825 3433 930 3479 Homeri
952 3432 1084 3494 Nepeotlro
1101 3431 1128 3478 in

94 3531 199 3578 Gronov.
218 3530 278 3578 Ant.
299 3532 387 3579 Graec.
403 3531 474 3579 Thes.
491 3529 547 3577 Vol.
567 3529 617 3590 XI,
637 3545 662 3592 p.
677 3525 745 3574 12⁷5
761 3543 817 3589 sqq.

125 3638 149 3704 3)
186 3643 221 3690 Gs.
242 3643 338 3690 dehoc
357 3647 434 3706 poeta·
445 3640 579 3704 Wyttenb.
594 3639 626 3687 ad
644 3639 711 3686 Plut.
733 3655 757 3701 p.
774 3635 808 3684 23
826 3636 880 3684 A&
897 3635 916 3683 B
932 3640 959 3682 et
975 3650 999 3696 p.
1015 3631 1049 3679 33
1065 3632 1092 3680 B.

125 3750 150 3815 4)
186 3752 271 3800 Horat.
284 3754 366 3801 Oarm.
383 3753 400 3800 l.
416 3754 449 3800 lV
465 3752 510 3799 0d.
528 3751 592 3799 2vs.
602 3747 633 3797 21
649 3750 693 3797 eff.
704 3748 735 3795 de
743 3731 948 3819 dpq'votghisce
959 3743 1031 3791 Bion.
1040 3741 1127 3805 llalyc.

94 3845 228 3895 Arallhet.
247 3863 270 3894 c.
287 3846 312 3895 6.
328 3847 384 3894 Vol.
405 3847 433 3894 V.
453 3863 477 3909 p.
494 3843 553 3892 250.
582 3844 627 3892 Ed.
643 3842 727 3890 Reisk.
745 3844 771 3887 et
790 3837 923 3902 Wyttenb.
943 3838 1019 3900 Disp.
1040 3836 1071 3883 de
1086 3851 1127 3884 aa.

94 3939 158 3988 imm.
178 3942 205 3988 in
229 3942 321 4004 Opusc.
350 3940 406 3987 Vol.
424 3940 464 3999 ll,
486 3955 511 4001 p.
530 3936 589 3984 538.
612 3942 638 3983 et
651 3940 737 3982 annot.
756 3932 786 3980 ad
806 3931 872 3980 Plut.
900 3931 972 3979 Coos.
992 3930 1027 3978 od
1043 3929 1127 3994 Apoll.

95 4047 117 4093 p.
136 4031 224 4081 1210.
