2648 4844
647 335 669 393 8

140 517 357 604 gravissimum
380 525 425 578 cst
447 512 631 576 consolandi
653 522 901 597 argumentum,
922 521 1007 572 totus
1031 532 1049 573 e
1072 510 1180 594 philo-

139 631 268 714 sophiae
301 628 420 690 ditione
443 638 511 690 orat
533 626 707 690 desumtus.
751 625 804 687 Sic
830 635 937 687 autem
968 624 1112 702 factum,
1144 635 1181 688 ut

138 742 255 808 deinde
266 741 440 804 consolatio
461 762 555 803 suum
576 741 608 802 in
620 736 842 824 philosophia,
866 758 903 799 ex
925 737 1087 801 Posidonii
1110 737 1180 800 dis-

138 857 333 932 tributione,
361 854 468 917 locum
487 853 633 917 haberet,
663 853 741 918 Cum
764 852 849 914 enim
869 850 967 914 Stoici
996 849 1179 914 dividerent

139 970 336 1043 ethicamci's·
357 992 393 1033 τε
414 963 470 1035 τόν
491 970 570 1057 περὶ
592 964 714 1093 ὁρμῆς,
736 967 790 1032 καὶ
811 967 859 1042 εἰς
879 960 935 1033 τόν
949 967 1029 1056 περὶ
1044 960 1180 1092 ῶραθῶν

138 1080 192 1144 καὶ
207 1078 310 1143 κακῶν
325 1070 441 1159 τόπον,
464 1080 518 1145 καὶ
534 1079 581 1154 εἰς
597 1072 652 1145 τόν
668 1101 748 1166 περι
738 1078 884 1142 παθῶν
898 1101 952 1141 και
943 1071 1083 1165 περὶ’
1061 1077 1181 1165 αρετῆς

138 1191 192 1255 καὶ
212 1213 292 1278 περι
283 1188 407 1254 τέλοιι
399 1213 435 1270 ις,
459 1191 538 1276 περί
558 1213 595 1253 τε
610 1191 668 1277 τῆς
683 1179 817 1277 πρώτης
833 1180 927 1267 ἀξίας
941 1187 995 1252 καὶ
1011 1189 1076 1252 τῶν
1091 1177 1179 1276 πρό

138 1301 233 1380 ξεων,
256 1300 335 1364 καὶ
327 1300 404 1386 περὶ
420 1303 484 1364 τῶν
500 1291 751 1387 καθηκόντων,
742 1300 942 1387 προτροπῶν
967 1321 1005 1362 τε
1024 1298 1079 1363 καὶ
1095 1319 1179 1362 απο-

138 1413 279 1498 τροπῶκ
288 1411 315 1498 ¹)
327 1413 514 1477 Posidonius
526 1436 590 1477 non
604 1425 727 1477 tantum
741 1413 1002 1497 praeceptionem
1014 1411 1180 1476 sedetiam

138 1526 316 1588 suasionem
339 1539 371 1589 et
383 1529 631 1591 consolationem
648 1539 679 1591 et
691 1527 943 1591 exhortationem
966 1527 1179 1590 necessariam

134 1620 351 1725 judicarit‚²)
378 1662 461 1727 quac
484 1664 519 1705 cx
543 1641 611 1724 ejus
634 1641 790 1705 sententia
813 1640 985 1705 subdivisio
1007 1641 1106 1704 fuisse
1128 1641 1180 1703 ri-

139 1751 233 1815 detur
261 1753 323 1816 loci
357 1754 423 1816 τῶν
454 1752 654 1839 προτροπῶν
672 1774 708 1815 τε
746 1751 800 1814 καὶ
838 1743 1046 1839 ἀποτροπῶν.
1089 1753 1180 1818 Idem

34 1935 47 1952 .
138 1864 297 1949 placuisse
316 1864 444 1929 Eudoro
462 1864 656 1928 Academico
668 1875 884 1944 memoratur,
909 1861 934 1950 ⁸)
961 1867 1018 1951 qui
1037 1867 1181 1932 ethicam

138 1979 172 2040 in
185 1989 248 2042 trcs
258 1991 383 2064 partes,
404 1969 443 2042 τό
465 1975 523 2056 μὲν
543 1975 623 2063 περὶ
643 1967 699 2063 τὴν
719 1974 867 2062 θεωρίαν
881 1975 939 2063 τῆς
948 1967 1022 2041 καθ’
1047 1977 1182 2045 ἕκαστον

138 2079 246 2168 ἀξίας,
269 2082 306 2154 τό
330 2088 367 2154 δὲ
387 2087 467 2176 περὶ
488 2080 544 2174 τήν
566 2078 676 2174 ὁρμήν,
699 2078 737 2150 τό
760 2083 797 2150 δὲ
818 2084 898 2173 περὶ
918 2078 975 2174 τήν
995 2088 1125 2175 πρᾶξιν,
1141 2113 1182 2156 ac

139 2213 332 2285 postremam
361 2202 444 2266 hanc
481 2212 603 2285 partem
643 2200 688 2262 sic
729 2198 849 2262 divisit:
882 2199 943 2263 τοῦ
964 2197 1002 2263 δὲ
1021 2201 1104 2288 περὶ
1123 2203 1184 2291 τῆς
1248 2269 1253 2277 ,

138 2305 291 2400 πράξεως
318 2304 430 2399 λόγον,
455 2304 472 2378 ὁ
494 2310 553 2394 μέν
580 2308 648 2375 ἐστι
675 2309 754 2398 περὶ
774 2310 838 2374 τῶν
866 2299 1067 2377 οἰκεωόντων
1093 2304 1184 2401 πρός

137 2445 226 2497 τινας
247 2414 402 2511 πράξεις,
423 2415 440 2489 ὁ
464 2421 502 2487 δὲ
522 2421 602 2509 περὶ
623 2422 686 2484 τῶν
714 2411 966 2508 οἷλλοτριοόντων
993 2411 1061 2487 iai
1087 2424 1184 2490 τινῶν

139 2530 300 2617 πράξεων·
325 2569 356 2577 -
384 2533 438 2596 καὶ
460 2525 478 2598 ὁ
500 2530 558 2612 μὲν
579 2530 659 2619 περὶ
679 2532 744 2596 τῶν
765 2522 965 2597 οἰκειοόντων
985 2523 1073 2621 πρός
1094 2557 1184 2610 τινας

139 2632 276 2728 πράξεις
302 2644 474 2730 διαιρεῖται
506 2642 555 2716 εἲς
580 2664 617 2705 τε
643 2633 699 2706 τόν
721 2634 918 2708 ὑποθετικῶν
938 2641 993 2706 καὶ
1013 2635 1070 2708 τόν
1096 2667 1182 2733 προ-

138 2745 318 2838 τρεπτικόν.
343 2785 375 2793 -
398 2745 416 2818 ὁ
440 2752 476 2817 δὲ
499 2753 577 2840 περὶ
598 2753 662 2816 τῶν
684 2743 937 2840 ἀποτρεπόντων
956 2753 1102 2820 καλεῖται
1117 2780 1183 2822 πα-

141 2865 371 2956 ραμοθρτικός,
395 2864 432 2945 ὅς
447 2860 642 2952 καλούμενός
658 2868 726 2936 ἐστι
742 2864 828 2958 πρός
843 2869 933 2936 ἐνίων
949 2864 1183 2958 παθολονοιός.

143 3057 347 3067 -κη--α-

176 3171 200 3229 it
237 3174 306 3234 niog.
330 3175 410 3221 Laort.
431 3173 485 3220 vn.
502 3171 544 3220 84.
571 3189 657 3235 quem
672 3173 756 3220 iocum
780 3175 855 3220 affort
873 3174 908 3221 Cl⁴
935 3175 1026 3222 Bnkius
1051 3176 1128 3240 Dssp.
1150 3177 1184 3224 do

142 3266 279 3312 Posidonio
301 3284 324 3329 p.
346 3265 404 3315 186.

118 3369 121 3375 '
174 3357 201 3419 2)
238 3361 319 3408 Verba
338 3367 398 3408 sunt
413 3362 523 3407 Senecae
542 3362 627 3423 Epist.
645 3360 686 3409 95.

174 3450 200 3512 θ)
237 3455 292 3501 Vid.
306 3455 429 3502 Stohaans
449 3455 539 3518 Eclog.
565 3455 654 3502 Etttc.
674 3472 699 3518 p.
714 3453 777 3518 161,
795 3453 846 3503 162
864 3457 901 3503 Cf.
918 3456 1047 3503 Hecrenua
1061 3457 1093 3504 ad
1113 3457 1138 3504 h.
1161 3457 1182 3505 l.

141 3548 195 3594 Vol.
224 3548 254 3595 11.
279 3565 304 3611 p.
321 3546 353 3594 47
376 3548 419 3595 uhi
441 3547 517 3595 dicit:
548 3548 669 3595 Eudemia
692 3550 740 3596 itte
759 3551 819 3611 quis
838 3556 863 3595 ot
877 3564 926 3612 quo
944 3555 1051 3612 tempore
1068 3551 1181 3613 vixerit,

140 3645 265 3688 incertum
284 3649 338 3698 τοῖς
365 3642 406 3688 nil
419 3648 535 3702 constat,
554 3644 609 3688 nisi
624 3642 691 3706 quod
710 3643 863 3705 Simplicius
881 3644 909 3690 in
926 3650 1008 3707 octog.
1028 3644 1184 3692 Aristotelia

137 3738 236 3800 possim
247 3736 378 3783 Eudorom
387 3736 568 3784 Academicum
581 3741 765 3799 commemorat,
782 3738 866 3800 quiin
874 3736 1027 3784 Aristotelis
1035 3740 1197 3803 categorias·

141 3836 319 3877 οοκινιιενιίιιειιο
331 3830 432 3888 fuerat.
461 3830 582 3892 Scripsit,
602 3837 633 3876 ut
652 3845 683 3876 εν
700 3829 806 3877 Stobooo
821 3838 940 3894 apparot,
966 3819 1107 3903 διαίρεσιν
1128 3817 1204 3885 τοῦ·

140 3907 212 3972 nocti
241 3912 418 3994 ριλοοοριόν
444 3908 533 3993 λόγου
557 3930 579 3970 ιι
599 3923 700 3985 quidem
718 3913 964 3997 προβλριιατικῶς
982 3935 1000 3981 ι’.
1017 3950 1037 3982 o.
1058 3941 1086 3981 ot
1102 3951 1183 3999 quae-

142 4028 251 4083 stiones,
272 4042 335 4088 qans
351 4025 381 4072 do
394 4027 511 4088 singulis
527 4028 591 4072 locis
606 4029 743 4074 aucuia-soni
758 4028 918 4089 philosophi,
933 4034 1072 4075 occutorot.
