2648 4844
638 317 681 379 16

88 507 90 512 ’
143 515 219 559 cum
237 494 300 559 hoc
315 512 447 578 quoque
466 493 658 576 opusculum
676 492 718 557 ad
736 505 878 559 nostram
895 515 960 561 noa
982 496 1105 560 venerit
1124 517 1177 560 ae-

138 619 250 675 tatem.
285 608 377 688 Quae
393 606 522 688 jactura
539 619 647 674 tamen
666 609 777 693 aliquo
797 606 893 673 modo
919 607 995 673 inde
1025 631 1177 694 compen·

137 734 246 799 satur,
278 720 366 806 quod
395 731 426 784 ct
450 721 566 785 Cicero
592 721 627 784 iu
649 721 837 786 Tusculanis
864 734 896 786 et
923 722 1116 790 Plutarchus
1141 723 1177 789 in

140 835 356 902 consolatione
373 834 414 898 ad
435 835 661 919 Apollonium,
684 857 748 898 non
768 836 874 899 solum
896 835 1080 900 Crantorcm
1102 837 1176 920 plu·

140 942 230 1004 ribus
246 941 325 1004 locis
343 951 418 1003 sunt
436 940 555 1017 secuti,
584 939 640 1003 sed
657 940 812 1004 nonnulla
833 941 928 1005 ctiam
947 961 984 1004 ex
1005 941 1075 1004 eius
1094 940 1177 1004 libro

140 1053 181 1118 dc
192 1056 285 1118 luctu
306 1053 346 1117 ad
369 1055 501 1131 verbum
524 1064 768 1138 expresserunt,
791 1075 874 1138 quae
894 1055 1178 1140 fragmenta,antc

139 1168 203 1232 hoc
221 1169 412 1246 triennium,
424 1167 560 1231 collecta
571 1167 648 1229 etin
660 1168 766 1230 lucem
782 1166 909 1250 prodita
925 1178 1010 1234 sunt.
1024 1166 1052 1254 1)
1064 1169 1178 1232 Paullo

140 1282 241 1367 igitur
262 1281 446 1345 accuratius
464 1281 562 1364 hujus
582 1280 764 1364 philosophi
785 1293 817 1344 et
843 1283 998 1346 rationem
1020 1284 1124 1367 operis
1146 1294 1179 1346 et

139 1394 328 1471 consolandi
346 1405 534 1480 argumenta
556 1383 887 1480 exponere‘conabor.

183 1510 257 1572 Fuit
272 1508 422 1573 crantori
445 1508 540 1574 huius
555 1509 633 1571 libri
652 1508 812 1572 scribendi
831 1509 1011 1590 consilinm,
1030 1532 1097 1573 non
1108 1523 1178 1574 tan·

140 1634 229 1701 tum,
257 1633 299 1686 nt
324 1623 515 1707 Hippoclem
537 1621 577 1686 dc
597 1634 700 1686 morto
728 1623 907 1686 liberor-nm
934 1624 1177 1703 consolaretur,
1277 1605 1281 1620 ’

141 1737 366 1814 verumetiam,
383 1747 419 1799 ut
436 1747 586 1801 accurate
602 1734 643 1799 dc
654 1736 850 1820 argumentis
866 1736 1050 1800 consolandi
1068 1746 1186 1823 aposto,¹

141 1850 235 1913 simul
257 1851 421 1927 aliorum,‘
435 1851 493 1935 qui
520 1850 632 1914 eodem
659 1860 881 1934 premerentur
901 1850 1101 1931 calamitate,
1132 1853 1178 1915 le·

142 1965 224 2026 niret
250 1963 386 2028 dolores.
428 1964 562 2031 Librum
582 1964 684 2048 igitur
704 1962 880 2052 inscribens
912 1960 991 2048 περὶ
1012 1963 1177 2042 πένθους,

142 2079 249 2141 luctus
271 2089 419 2141 naturam
441 2076 594 2164 indagare
616 2076 758 2155 studuit,
791 2096 889 2161 quarn
908 2077 1008 2144 talem
1028 2080 1176 2164 agnovit,

140 2202 179 2254 nt
197 2212 328 2275 prorsus
346 2212 421 2254 cam
441 2190 602 2276 repellere
632 2212 695 2254 nen
723 2191 757 2252 in
786 2201 892 2253 nostra
922 2203 1078 2275 potestate
1108 2213 1178 2255 csso

142 2305 376 2392 contenderet.
399 2295 444 2366 Τό
466 2301 524 2383 μὲν
551 2290 607 2368 οὖν
630 2293 753 2385 ἀλγεῖν,
776 2302 900 2385 ajebat,
923 2299 975 2365 καὶ
1003 2292 1180 2369 δάκνεσθαι

140 2406 389 2504 valavsp'ocrrcg
410 2413 498 2491 υἱοῦ,
521 2403 659 2499 φυσικὴν
681 2407 748 2494 ἔχει
768 2405 824 2500 τήν
850 2405 953 2500 ἆρχὴιῐ
975 2413 1033 2500 τῆς
1059 2402 1178 2500 λύπης,
1204 2468 1205 2471 ,

140 2525 193 2589 καὶ
216 2517 274 2590 οὐκ
295 2516 347 2612 ἐφ’
372 2518 453 2613 ἡμῖν.
486 2522 607 2589 Natura
629 2526 714 2588 enirn
733 2546 809 2589 cum
827 2524 937 2590 alferat
959 2524 1120 2604 dolorem,
1149 2526 1179 2589 ei

119 2638 322 2723 ¹cedendum
343 2638 559 2717 existimabat,
583 2639 703 2723 quippe
724 2640 781 2724 qui
801 2651 925 2724 promat
943 2651 1041 2724 atque
1061 2640 1176 2718 instet,

141 2753 219 2815 utei
230 2773 294 2815 non
316 2752 418 2815 resisti
433 2753 540 2837 possit.
552 2749 580 2838 ²)
606 2753 810 2837 Improbabat
825 2763 938 2816 autem
956 2753 1070 2817 duram
1088 2753 1178 2817 illam

142 2864 402 2950 Pyrrhoniorum·
421 2854 615 2944 decoctas.
629 2865 696 2951 'qni
726 2867 831 2929 omnia
862 2887 965 2952 aequo
982 2869 1100 2931 ··animo
1130 2869 1177 2930 le-

141 2966 238 3043 ronda
261 2990 431 3064 putarant,
459 2979 583 3064 quippe
610 2999 675 3065 qua
703 2971 816 3042 mutua
844 2979 1011 3042 hominnm
1039 2981 1177 3044 benero-

178 3294 202 3360 1)
238 3297 294 3346 Vid.
311 3298 350 3346 rr.
364 3296 503 3349 Schneider
511 3297 642 3347 Commeat.
652 3296 683 3346 dc
691 3297 824 3346 Crantoris
834 3299 909 3362 libro,
919 3287 1041 3369 quimpl
1048 3284 1179 3364 πένθους

141 3391 312 3455 inscribitur,
330 3391 357 3438 in
376 3406 452 3456 opere
471 3390 689 3457 ch'tschrrflsslr
705 3391 748 3439 dic
764 3392 955 3442 Alterthorrsrw.
974 3391 1041 3441 1838
1063 3394 1107 3443 Νο.
1128 3389 1179 3440 tot

142 3487 169 3530 ct
189 3482 255 3547 105,
275 3489 303 3532 ct
327 3501 350 3533 v.
370 3484 463 3533 Blecck
488 3500 536 3533 ran
557 3485 682 3549 llysewylr
698 3487 772 3534 Dies.
791 3485 821 3533 dc
839 3485 960 3534 Crantore
976 3487 1079 3534 Solenss'
1100 3484 1179 3546 lugd.

140 3576 195 3625 sat.
217 3575 286 3626 1886
311 3593 336 3642 p.
354 3575 395 3650 Ι84
417 3594 472 3642 sqq.
498 3579 625 3627 Crantoris
645 3585 731 3628 autem
744 3593 808 3643 opus
822 3583 849 3628 ct
861 3581 976 3629 Ciceroni
988 3581 1015 3628 in
1024 3577 1180 3627 'Tusculanis

119 3724 122 3734 Ι
143 3671 243 3733 Quaest.
263 3676 289 3719 et
305 3671 441 3719 Plutarcho
456 3673 483 3720 in
502 3671 604 3723 Consol.
622 3673 653 3721 ad
668 3672 756 3737 Apoll.
768 3674 801 3722 oh
814 3679 926 3722 mentem
941 3674 1018 3720 luisse
1041 3677 1178 3735 versatum,

138 3763 301 3826 jamdudum
313 3753 469 3813 monuerunt
483 3766 653 3831 interpretes,
667 3767 695 3815 in
713 3767 800 3831 primis
815 3767 948 3830 Wyttcnb.
964 3766 995 3814 ad
1011 3766 1077 3817 ntus.
1095 3767 1140 3830 Op.
1154 3783 1178 3816 c.

142 3863 170 3905 ct
184 3858 242 3906 data
263 3873 339 3922 opera
357 3841 543 3909 domonstravit
561 3860 591 3909 A.
607 3861 726 3910 Matthiae
740 3861 768 3908 in
779 3859 1003 3909 l'rolusinncsnni
1016 3858 1094 3924 1888,
1112 3876 1179 3926 quac

143 3950 239 4012 legitur
255 3952 282 3998 in
301 3952 356 3998 cius
372 3953 527 4000 chischto
537 3952 676 4013 Schriften.
690 3952 794 4004 Attenh.
807 3951 876 4003 1⁸88
888 3969 916 4019 p.
931 3949 972 4004 11.
986 3969 1043 4020 sqq.

177 4042 204 4106 8)
239 4045 290 4094 cie.
309 4044 383 4095 Tarso.
400 4047 489 4105 Q.111.
503 4045 545 4097 29.
