2648 4844
639 329 679 388 49

139 506 232 567 vinae
259 526 328 566 esse
354 506 486 589 originis
514 506 650 571 docebat
680 530 717 572 ac
742 511 838 574 veluti
861 514 1049 594 particulam
1071 537 1105 576 er
1130 514 1177 577 di·

141 620 213 680 vina
233 630 348 681 natura
371 632 565 703 excerptam,
589 623 712 707 quique
731 626 873 707 eorporis
897 626 1126 708 cupiditatibus
1145 641 1177 693 et

138 733 314 809 molestiis,
346 735 516 818 quominus
535 757 625 798 suam
647 738 822 820 explicaret
842 740 925 817 vim,
948 740 1176 824 impediretur,

139 858 211 931 post
229 858 364 909 mortem
387 869 462 910 vero
482 871 498 911 a
520 851 661 932 corporis
681 851 752 914 labe
776 852 930 915 liberatus
950 865 981 915 et
1007 853 1047 916 ad
1075 856 1174 932 Deos,

140 959 227 1023 unde
247 973 398 1038 venerat,
432 983 597 1041 reversus,
620 964 703 1047 ipsas
726 986 794 1042 res,
817 967 924 1048 prouti
947 967 1028 1045 sint,
1052 969 1176 1032 visurus

139 1086 231 1138 esset.
278 1075 348 1137 Non
374 1075 475 1159 igitur
502 1076 614 1154 luctu,
649 1077 703 1140 sed
731 1079 925 1142 carminibus
962 1080 1077 1165 dignos
1111 1104 1177 1144 esse

140 1210 176 1251 ac
198 1188 309 1251 felices
330 1187 561 1273 praedicandos
582 1203 741 1268 mortuos,
765 1193 885 1277 quippe
907 1192 1045 1257 divinam
1068 1207 1176 1258 nactos

141 1304 236 1365 vitam
259 1314 290 1365 et
312 1304 454 1386 corporis
480 1304 609 1367 vinculo
638 1306 768 1369 solutos.
818 1296 933 1387 Οάδείς
960 1297 1021 1392 poio
1050 1296 1177 1388 ἀγαθδς

140 1398 231 1490 sidroc
258 1403 399 1500 θρήνων,
427 1404 492 1476 ἀλλ’
522 1407 627 1496 ὕμνων
653 1414 706 1480 καί
732 1415 884 1494 ἐπαίνων,
913 1407 990 1480 οὐδὲ
1017 1414 1175 1496 πένθους,

140 1513 230 1586 ἀλλά·
253 1513 376 1611 μνήμης
408 1515 572 1603 εὐκλεοῦς,
606 1520 685 1590 οὐδὲ
711 1516 858 1613 δακρύων
890 1517 1075 1606 ἐπωδύνων,
1109 1518 1175 1590 ἀλλ’

126 1622 277 1698 ’ἀστείων
297 1625 467 1720 ἀπαρχῶν,
490 1635 557 1719 εἴγε
574 1627 592 1700 ὁ
613 1629 820 1722 μετηλίαχως
836 1627 1007 1722 θειότερόν
1019 1660 1089 1701 τινα
1104 1636 1178 1717 βίον

140 1743 346 1832 μετείληφεν,
370 1735 567 1829 ἀπαλίαγείς
587 1745 646 1833 τῆς
665 1745 725 1810 τοῦ
753 1735 904 1825 σώματος
931 1744 1096 1833 ίρπρείας,
1124 1744 1178 1809 καί
1228 1783 1234 1794 ·
1275 1796 1277 1800 .

139 1856 203 1919 των
224 1846 369 1941 ἀτρύτων
390 1855 483 1919 ἕνεκα
506 1847 623 1921 τούτου
645 1855 830 1945 φροντίδων
850 1877 886 1919 τε
907 1854 960 1918 καί
982 1855 1177 1943 συμφορῶν,

140 1958 179 2039 ας
205 1957 322 2053 ἀνάγκη
348 1958 426 2040 τούς
454 1958 621 2054 εἰληχότας
652 1960 707 2032 τάν
738 1959 858 2054 θνητδν
890 1965 962 2047 βίον
992 1957 1177 2046 ὑπομένειν,

141 2075 202 2149 ἕως
223 2067 465 2164 ἀν’ἐκπλὴσωσι
485 2069 541 2142 τδν
562 2075 804 2142 ἐπικλωσθέντα
824 2077 890 2169 τῆςΙ
903 2076 989 2163 ζωῆς
1010 2075 1090 2159 βίον.
1105 2075 1129 2163 ¹)

184 2191 225 2252 Ut
242 2201 350 2253 autem
365 2191 556 2275 Hippoclem
575 2192 813 2268 consolaretur,
837 2191 924 2276 quod
938 2202 1061 2253 matura
1073 2203 1175 2255 aetate

141 2303 256 2368 liberos
283 2305 458 2383 amisisset,
492 2328 567 2368 usus
593 2304 718 2368 ridetur
747 2305 880 2369 Crantor
902 2305 1084 2366 narratione
1105 2303 1176 2366 Ari-

141 2417 281 2494 stotelis,
313 2419 391 2503 qui,
424 2430 459 2481 nt
481 2419 641 2481 Ciceronis
663 2429 734 2480 utar
756 2417 880 2494 verbis,
910 2415 997 2500 apud
1018 2417 1176 2501 Hypanim

142 2527 273 2592 lluvium
299 2532 343 2594 ait
372 2531 522 2594 bestiolas
544 2530 698 2616 quasdam
724 2531 831 2607 nasci,
866 2551 948 2615 quae
971 2552 1072 2594 unum
1090 2529 1176 2592 diem

141 2645 255 2707 vivant.
281 2646 325 2708 Ex
348 2644 396 2707 bis
418 2646 517 2730 igitur
537 2645 615 2708 hora
635 2656 745 2708 octava
761 2666 844 2729 quae
863 2655 989 2707 mortua
1006 2656 1074 2720 est,
1098 2665 1176 2727 pro-

140 2770 229 2822 vecta
251 2770 355 2822 aetate
373 2771 499 2822 mortua
521 2772 589 2837 est,
618 2781 701 2844 quae
730 2779 802 2820 vero
823 2758 990 2821 occidente
1012 2757 1098 2834 sole,
1122 2756 1176 2819 de-

140 2872 279 2956 crepita3
302 2894 339 2935 co
358 2873 469 2957 magis,
491 2873 515 2933 si
535 2873 630 2935 etiam
647 2870 805 2934 solstitiali
817 2870 878 2932 die.
903 2870 1017 2933 Confer
1037 2882 1176 2933 nostram

112 2979 114 2983 ⁴
141 2985 355 3070 longissimam
382 2998 519 3048 aetatem
541 3007 615 3047 cum
635 2984 840 3059 aeternitate,
872 2983 905 3043 in
928 2981 1038 3044 eadem
1060 3003 1175 3065 prope-

140 3098 271 3162 modum
298 3098 471 3177 brevitate,
514 3120 578 3183 qua
604 3099 678 3162 illae
708 3097 882 3174 bestiolae,
919 3095 1126 3179 reperiemur.
1148 3091 1174 3178 2)

139 3212 252 3303 lleque
272 3224 397 3275 certum
420 3226 483 3291 est,
510 3212 588 3296 quid
610 3224 749 3288 mortuo,
771 3211 796 3272 si
818 3210 938 3273 diutius
961 3209 1099 3286 vixisset,
1122 3230 1175 3271 ac-

122 3325 286 3404 cidisset,
325 3326 449 3389 bonane
480 3349 520 3389 an
540 3327 623 3389 mala
648 3325 759 3388 suisset
782 3324 940 3385 fruiturus
972 3322 1175 3399 conditione;

140 3439 222 3502 illud
233 3461 309 3502 vero
321 3452 367 3502 est
379 3442 602 3518 certissimum,
613 3450 683 3524 post
695 3449 841 3515 mortem,
854 3435 950 3499 nullis
962 3456 1036 3498 eum
1048 3434 1177 3497 calami·

144 3659 350 3669 ——-—-

174 3778 200 3845 1)
236 3781 530 3845 Plut.l.t.p.-114.c.

176 3874 204 3938 2)
240 3873 291 3924 Cic.
318 3877 393 3924 Taso.
419 3878 448 3934 Q.
466 3878 486 3923 1.
502 3876 542 3923 39.
563 3877 631 3923 llanc
651 3875 794 3922 Aristotelis
813 3873 981 3920 narrationem
997 3869 1130 3932 Wyttenb.
1152 3875 1178 3916 et

142 3971 288 4019 aCicerone
302 3977 329 4018 et
342 3987 355 4018 a
368 3971 505 4018 Plutarcho
519 3985 533 4016 e
546 3970 673 4017 Crantoris
683 3969 748 4017 libro
767 3969 869 4015 ductam
883 3981 937 4013 esse
951 3970 1039 4027 putat,
1053 3964 1079 4011 in
1092 3970 1178 4011 annot.

140 4064 172 4112 ad
188 4063 256 4112 Plut.
277 4081 301 4126 p.
315 4063 370 4114 lll.
388 4066 413 4113 C.
428 4065 463 4113 Cl.
482 4064 620 4111 Schneider
633 4063 650 4110 l.
668 4063 684 4109 l.
701 4075 727 4121 p.
743 4060 802 4110 845.
