2648 4844
647 332 687 393 81

143 505 292 567 solatium
322 507 353 566 in
386 506 467 567 vitae
498 507 591 570 huius
625 512 879 591 calamitatibus,
905 518 930 576 si
953 518 1042 580 nobis
1065 523 1185 586 conscii

142 641 269 696 sumus,
295 639 358 679 non
371 630 475 682 nostra
487 620 518 682 id
538 622 658 685 factum
675 645 741 686 esse
762 628 875 709 culpa,
892 639 923 690 et
944 630 968 690 si
981 645 1183 714 reputamus,

142 743 277 793 mortem
301 754 356 794 nos
373 733 608 813 inmeliorem,
639 737 750 799 saltem
773 762 835 801 non
855 740 1044 807 deteriorem
1068 759 1184 810 statum

142 844 366 908 abducturam.
403 847 481 908 Tum
514 849 598 909 enim
620 852 737 932 apertis
760 853 860 915 oculis
880 854 1046 939 adspicere
1070 882 1184 942 possu-

142 979 213 1021 mus
234 960 414 1037 fortunam,
440 961 652 1047 exiguamque
676 965 771 1046 ipsius
791 966 824 1026 in
846 968 987 1031 animum
1010 970 1184 1038 humanum

143 1067 206 1134 vim
228 1072 394 1151 deridere3
420 1084 488 1136 tum
508 1076 536 1136 ci
559 1098 634 1138 cum
652 1078 832 1141 Metrodoro
851 1078 958 1143 dicere
980 1083 1077 1147 licet:
1102 1106 1185 1171 προ-

140 1183 354 1270 κατείλημμαί
381 1204 433 1263 σε,
463 1174 490 1248 ὦ
515 1179 609 1274 cupri,
639 1187 693 1252 καὶ
718 1191 828 1254 πᾶσαν
853 1182 910 1277 τήν
935 1184 993 1278 miv
1014 1185 1187 1282 ἀφ’ῃρῇμαι

140 1294 363 1382 παρείσδυσιν.
377 1295 401 1381 ¹)
414 1320 418 1324 ·

187 1410 278 1490 Quae
301 1422 408 1473 autem
426 1412 460 1472 in
483 1411 565 1475 libro
587 1408 666 1496 περὶ
688 1402 850 1494 εὐθυμίας
869 1416 1015 1478 universe
1037 1420 1184 1480 tractavit

142 1523 332 1585 Plutarchus
356 1536 387 1586 et
410 1524 462 1586 hic
485 1536 581 1609 atque
604 1525 672 1587 illic
692 1524 857 1607 dispersit,
880 1526 911 1588 id
936 1527 1009 1591 data
1032 1552 1128 1613 opera
1152 1532 1184 1593 in

144 1637 360 1699 consolatione
392 1637 431 1699 ad
459 1638 666 1721 Apollonium
694 1638 893 1720 profligarit,
936 1653 965 1702 et
996 1656 1181 1726 argumenta

141 1751 345 1828 consolandi,
377 1752 487 1814 sedulo
505 1752 663 1828 collecta,
686 1752 816 1814 uberius
833 1754 1005 1836 explicuit,
1032 1768 1065 1817 nt
1086 1778 1182 1840 aegro

140 1866 301 1949 Apollonii
325 1867 366 1928 ob
387 1864 442 1927 filii
463 1878 596 1927 mortcm
615 1867 719 1927 an'imo
739 1866 911 1928 salutarem
935 1867 1062 1930 afferret
1084 1870 1182 1931 medi-

140 1981 256 2044 cinam.
297 1981 369 2060 Quo
392 2002 465 2042 vero
487 1980 662 2063 paratiores
685 1979 724 2040 ad
752 1980 856 2061 ipsum
877 1980 1041 2043 Plutarchi
1063 1983 1182 2046 librum

141 2094 352 2170 accedamus,
381 2093 563 2157 adscribere
593 2093 645 2155 hic
672 2093 768 2154 liceat
796 2094 911 2155 summi
938 2095 1182 2179 Wyttenbachii
1265 2114 1267 2119 ·

140 2208 179 2271 de
198 2208 261 2271 hoc
281 2220 377 2291 opere
392 2207 565 2288 judicium.
601 2208 681 2283 „Est
702 2206 849 2283 omnino,
870 2207 932 2283 ait,
958 2209 1106 2291 egregius
1127 2209 1181 2271 hic

140 2323 238 2400 liber,
261 2332 473 2405 argumento,
495 2320 660 2396 doctrina,
685 2319 871 2395 sententiis,
896 2331 926 2381 et
948 2320 1041 2403 plane
1053 2321 1180 2384 Plutar-

141 2436 260 2512 cheus,
295 2435 349 2498 sed
384 2435 595 2498 adolescentis
626 2432 789 2495 Plutarchi
820 2453 894 2495 eum
921 2454 1006 2510 esse,
1040 2433 1180 2517 produnt

139 2551 290 2626 materia,
318 2549 432 2627 stilus,
455 2549 552 2612 ratio.
591 2546 720 2624 Materia
745 2545 938 2630 praecipuae
966 2547 1097 2631 quidem
1125 2548 1179 2609 illa

139 2663 301 2726 suavitatis
319 2674 351 2724 et
373 2662 606 2746 praestantiae,
628 2660 728 2744 magis
747 2671 851 2722 tamen
869 2661 973 2723 aliena
992 2682 1090 2745 quam
1105 2682 1178 2744 pro·

140 2779 226 2861 pria,
257 2776 392 2840 collecta
416 2798 433 2836 e
461 2775 540 2837 locis
563 2758 790 2836 communibus
805 2773 1085 2857 philosophorum,
1120 2795 1178 2837 nec

139 2891 178 2953 ad
198 2902 318 2953 certam
331 2889 447 2970 judicii
465 2888 619 2951 rationem
640 2897 746 2948 exacta
761 2909 768 2963 ;
796 2898 846 2962 et,
870 2886 957 2970 quod
973 2887 1006 2948 in
1022 2887 1177 2949 Corinnae

139 3005 178 3067 ad
189 3004 363 3068 Pindarum
380 3002 614 3066 adolescentem
626 3000 712 3063 dicto
730 3001 844 3078 fertur,
863 3021 927 3061 non
944 3020 1040 3062 manu
1058 3019 1176 3084 sparsa,

139 3118 192 3180 sed
216 3140 233 3180 e
255 3139 347 3180 sacco
366 3117 473 3179 effusa.
521 3118 619 3178 Porro
636 3116 670 3176 in
689 3113 778 3190 stilo,
810 3112 842 3175 id
873 3125 936 3189 est,
964 3113 996 3174 in
1027 3112 1176 3174 orationis

139 3232 260 3308 forma,
284 3209 416 3313 apparet
437 3228 647 3292 redundantia
668 3225 825 3311 quaedam
843 3225 1012 3307 juvenilis,
1041 3225 1176 3287 imitatio

122 3345 375 3427 'compositionis
401 3343 583 3405 Platonicae
610 3339 714 3415 illius,
743 3358 806 3398 non
827 3337 866 3399 ad
888 3338 1083 3400 Socraticam
1104 3360 1176 3419 pcr-

141 3440 365 3540 spicuitatem‚
394 3456 448 3523 sed
470 3455 510 3517 ad
537 3453 692 3536 tragicam
723 3451 911 3534 gravitatem
939 3449 1174 3524 conformatae,

139 3572 170 3632 in
197 3571 398 3655 synonymis,
430 3565 739 3652 praepositionibus,
777 3561 952 3641 interjectis
979 3559 1174 3635 enunciatis,

140 3683 336 3767 longioribus
360 3695 390 3744 et
413 3704 469 3744 sno
489 3703 570 3742 nexu
593 3678 704 3740 solutis
730 3675 960 3739 sententiarum
988 3669 1178 3752 circumda--

140 3791 309 3858 ctionibus.
330 3791 489 3878 'Denique
515 3793 615 3866 ratic,
646 3788 678 3851 id
707 3800 772 3863 est,
804 3783 986 3848 distributio
1005 3783 1173 3859 materiae,

173 4043 199 4109 1)
238 4046 298 4093 lbid.
316 4061 340 4106 p.
360 4040 410 4089 476
428 4044 453 4087 C.
