2648 4844
683 323 743 381 tat

189 504 331 564 Proxime
349 513 455 564 autem
477 501 554 562 baec
573 501 746 563 consolatio
769 522 842 562 cum
863 504 1016 577 caeteris,
1040 499 1080 562 de
1103 500 1225 584 quibus
1275 500 1279 509 ⁴

185 616 278 679 modo
300 616 445 699 egimus,
477 613 647 690 cobaeret3
679 613 734 675 nbi
755 614 840 675 enim
859 613 967 675 adesse
988 611 1227 676 Providentiam

185 728 400 811 reputaveris,
425 748 507 810 quae
525 726 620 787 saluti
639 725 797 788 humanae
816 727 859 788 ita
880 725 1047 803 consulat,
1079 736 1117 787 ut
1141 747 1225 810 quae

184 842 274 904 nobis
295 841 461 917 accidant,
484 839 567 902 mala
584 825 652 901 iesse
673 850 850 923 nequeant;
873 839 1033 901 verissima
1058 839 1136 902 hine
1155 861 1226 923 spes

185 954 305 1030 oritur,
327 954 414 1030 fore,
434 964 470 1014 ut
490 974 572 1037 quae
592 952 626 1015 in
645 963 789 1013 nostrum
806 951 1034 1014 detrimentum
1046 952 1121 1014 data
1132 951 1226 1014 vide-

184 1078 297 1144 antur,
317 1077 574 1128 revera-nostrae
596 1065 741 1127 felicitati
763 1064 956 1129 conducant.
971 1062 996 1150 ¹)
1022 1067 1096 1129 Rite
1115 1076 1223 1128 autem

183 1180 265 1243 hanc
287 1180 504 1243 adhibuerunt
526 1177 705 1262 philosophi
735 1180 768 1239 in
788 1179 1058 1242 consolationibus
1080 1178 1122 1241 de
1144 1181 1224 1241 exsi-

181 1295 225 1357 lio
246 1294 350 1378 deque
370 1305 553 1367 senectute,
579 1313 680 1374 quum
700 1291 862 1354 exsulibus
879 1303 1098 1375 proponerent
1114 1315 1222 1375 spem,

184 1417 220 1469 ut
249 1418 376 1490 postca,
410 1416 531 1468 mutata
561 1403 760 1488 reipublicae
792 1404 995 1481 conditione,
1030 1406 1064 1467 iu
1086 1406 1222 1489 patriam

184 1519 326 1582 redirent
358 1529 389 1580 et
415 1519 580 1602 pristinam
604 1529 832 1603 recuperarent
850 1519 1058 1582 felicitatem:
1093 1519 1223 1581 senibus

182 1645 288 1696 autem
308 1632 555 1716 persuaderent,
574 1633 663 1696 brevi
685 1655 737 1695 eos
752 1632 839 1694 hisce
859 1632 941 1696 vitae
955 1626 1052 1695 ¹malis
1075 1644 1220 1716 ereptos,

183 1749 395 1832 gratissimam
420 1769 458 1811 ac
480 1768 553 1809 vere
581 1747 709 1810 vitalem
733 1758 860 1809 acturos
891 1768 957 1809 esse
982 1747 1089 1811 vitam.
1134 1746 1221 1809 Idem

182 1862 329 1924 solatium
346 1861 452 1925 afferri
473 1873 577 1945 potest
594 1863 644 1937 ai,
678 1861 734 1945 qui
756 1860 884 1944 cognati
908 1860 1075 1923 cuiusdam
1098 1860 1221 1923 obitum
1307 1853 1312 1869 ‘

184 1976 309 2059 lugeat,
334 1977 357 2036 si
376 1975 437 2059 ipsi
467 1975 668 2052 ostendatur,
690 1986 763 2058 post
780 1985 915 2037 mortem
932 1996 1006 2036 eum
1027 1995 1137 2038 rursus
1149 1995 1221 2037 cum

184 2088 344 2150 carissimo
375 2089 430 2150 illo
457 2089 561 2171 capite
589 2087 798 2168 conjunctum
820 2088 878 2163 iri,
914 2109 989 2151 cum
1017 2087 1075 2150 illo
1107 2087 1221 2150 divinis

183 2202 400 2285 voluptatibus
422 2224 488 2263 esse
509 2203 706 2278 fruiturum,
738 2222 872 2284 eamque
896 2201 1159 2282 conjunctionem
1184 2222 1220 2262 eo

184 2315 355 2376 firmiorem
378 2315 622 2399 suavioremque
644 2316 729 2390 fore,
762 2336 863 2398 quum
886 2314 975 2377 nulla
997 2335 1142 2399 unquam
1165 2336 1220 2377 ca·
1312 2364 1316 2374 .

183 2428 328 2504 lamitas,
365 2429 454 2489 nulla
486 2449 630 2511 unquam
663 2448 747 2489 mors
780 2426 964 2511 disjungere
996 2428 1080 2511 ipsos
1110 2428 1218 2511 possit.

183 2541 286 2619 Quam
318 2543 492 2604 orationem
526 2541 661 2604 mirifice
686 2541 805 2603 valere.
823 2539 863 2603 ad
889 2540 1092 2603 excitandum
1122 2552 1219 2624 atque

183 2654 372 2738 erigendum
399 2655 539 2738 lugentis
563 2655 722 2732 animum,
758 2675 851 2716 nemo
886 2656 966 2731 erit,
999 2655 1078 2739 quin
1107 2666 1219 2738 sponte

185 2766 298 2829 videat.
344 2768 468 2830 Etenim
499 2789 600 2852 quum
632 2767 693 2830 hoc
715 2769 748 2829 in
770 2769 881 2852 primis
900 2780 996 2853 angat
1014 2779 1046 2830 et
1062 2768 1220 2852 deprimat

182 2882 323 2943 animum
344 2891 487 2943 nostrum
511 2884 544 2943 in
567 2882 656 2944 obitu
683 2882 956 2959 necessariorum,
990 2880 1077 2966 quod
1108 2903 1218 2944 eorum

181 2995 380 3078 amplexibus
399 3016 436 3056 ac
461 2993 658 3057 sermonibus
688 2994 825 3077 privati,
842 2994 1034 3078 recuperare
1051 2996 1218 3079 pristinam

181 3107 368 3188 felicitatem
380 3129 595 3191 nequeamus,
610 3129 711 3191 quum
729 3108 832 3172 ferrea
849 3131 945 3171 manu
963 3110 1099 3173 retineat
1114 3131 1216 3184 mors,

183 3221 417 3304 cuiuscumque
437 3220 476 3280 sit
499 3241 627 3303 compos
657 3221 760 3299 facta3
793 3222 882 3286 nulla
916 3234 978 3285 tam
1011 3222 1121 3285 efficax
1152 3243 1218 3285 esse

182 3343 286 3416 potest
296 3333 472 3410 medicina,
495 3355 591 3417 qnam
603 3356 686 3419 qnae
709 3335 878 3399 satisfaciat
898 3336 974 3399 huic
994 3336 1168 3414 desiderio,
1187 3347 1218 3398 et

146 3435 149 3440 ’
182 3437 271 3508 laetis
290 3447 406 3508 futuris
426 3447 602 3529 praeseutia
623 3447 767 3510 oblivisci
786 3461 890 3532 cogat.
916 3451 997 3512 Tum
1016 3450 1101 3511 enim
1121 3449 1217 3533 habet
1249 3464 1252 3471 ’

181 3560 323 3635 animus,
348 3581 412 3643 quo
434 3559 543 3621 hilaris
574 3561 771 3644 requiescat,
806 3584 870 3646 quo
894 3564 1119 3647 cogitationem
1143 3564 1215 3624 mali

182 3672 331 3756 repellat:
364 3683 395 3733 ct
421 3671 603 3734 dulcissima
626 3674 679 3736 illa
701 3695 755 3757 spe
778 3687 922 3753 erectus,
945 3679 989 3739 ita
1012 3678 1105 3739 vitam
1128 3677 1217 3738 insti-

183 3799 388 3809 .,..---..-

217 3851 242 3914 1)
279 3853 408 3900 Praeclare
427 3851 451 3897 id
470 3853 592 3917 expressit
610 3852 680 3901 Ovid.
699 3854 770 3903 Pont.
790 3855 834 3904 lib.
850 3857 869 3904 1.
887 3857 963 3919 Epist.
979 3855 995 3904 6
1012 3871 1047 3905 ve.
1063 3854 1109 3903 45:

350 3946 474 4001 Quamvis
493 3952 532 3992 est
546 3947 633 4008 igitur
649 3947 750 3992 meritis
767 3947 882 3995 indebito
899 3951 1011 4011 nostris,

348 4040 445 4102 Magna
464 4046 545 4086 temen
563 4054 620 4101 spec
639 4044 678 4086 est
693 4042 723 4086 in
740 4039 850 4087 bonitate
868 4043 927 4088 Det.
