<?xml version="1.0" encoding="UTF-8"?>
<!DOCTYPE html PUBLIC "-//W3C//DTD XHTML 1.0 Transitional//EN"
    "http://www.w3.org/TR/xhtml1/DTD/xhtml1-transitional.dtd">
<html xmlns="http://www.w3.org/1999/xhtml" xml:lang="en" lang="en">
 <head>
  <title>
</title>
<meta http-equiv="Content-Type" content="text/html;charset=utf-8" />
  <meta name='ocr-system' content='tesseract 3.04.00' />
  <meta name='ocr-capabilities' content='ocr_page ocr_carea ocr_par ocr_line ocrx_word'/>
</head>
<body>
  <div class='ocr_page' id='page_1' title='image "./diatribeinlocum00heusgoog_0131.png"; bbox 0 0 2648 4844; ppageno 0'>
   <div class='ocr_carea' id='block_1_1' title="bbox 636 319 679 380">
    <p class='ocr_par' dir='ltr' id='par_1_1' title="bbox 636 319 679 380">
     <span class='ocr_line' id='line_1_1' title="bbox 636 319 679 380; baseline -0.047 0"><span class='ocrx_word' id='word_1_1' title='bbox 636 319 679 380; x_wconf 78' lang='lat'><strong>64</strong></span> 
     </span>
    </p>
   </div>
   <div class='ocr_carea' id='block_1_2' title="bbox 139 486 1181 918">
    <p class='ocr_par' dir='ltr' id='par_1_2' title="bbox 139 486 1181 918">
     <span class='ocr_line' id='line_1_2' title="bbox 139 486 1177 587; baseline -0.001 -26"><span class='ocrx_word' id='word_1_2' title='bbox 139 499 266 562; x_wconf 77' lang='grc' dir='ltr'><strong><em>στῶσαν</em></strong></span> <span class='ocrx_word' id='word_1_3' title='bbox 298 488 437 561; x_wconf 76' lang='grc' dir='ltr'><em>ἀλυπίαν</em></span> <span class='ocrx_word' id='word_1_4' title='bbox 469 486 522 581; x_wconf 75' lang='grc' dir='ltr'><strong>ὑφ’</strong></span> <span class='ocrx_word' id='word_1_5' title='bbox 554 493 668 582; x_wconf 73' lang='grc' dir='ltr'><strong><em>ἑτέρου</em></strong></span> <span class='ocrx_word' id='word_1_6' title='bbox 701 494 799 559; x_wconf 83' lang='grc' dir='ltr'><strong><em>κακοῦ</em></strong></span> <span class='ocrx_word' id='word_1_7' title='bbox 825 491 976 575; x_wconf 76' lang='grc' dir='ltr'><em>μείζονος</em></span> <span class='ocrx_word' id='word_1_8' title='bbox 1006 486 1177 587; x_wconf 70' lang='grc' dir='ltr'><strong><em>ὑπάρχειν,</em></strong></span> 
     </span>
     <span class='ocr_line' id='line_1_3' title="bbox 139 596 1180 694; baseline -0.001 -22"><span class='ocrx_word' id='word_1_9' title='bbox 139 599 306 694; x_wconf 74' lang='grc' dir='ltr'><strong><em>ω’μότιχιος</em></strong></span> <span class='ocrx_word' id='word_1_10' title='bbox 328 599 348 694; x_wconf 76' lang='grc' dir='ltr'><strong><em>ἢ</em></strong></span> <span class='ocrx_word' id='word_1_11' title='bbox 370 604 567 685; x_wconf 78' lang='grc' dir='ltr'><strong><em>δοξοκοπίας</em></strong></span> <span class='ocrx_word' id='word_1_12' title='bbox 588 596 729 688; x_wconf 73' lang='grc' dir='ltr'><strong><em>ἀκράτου</em></strong></span> <span class='ocrx_word' id='word_1_13' title='bbox 747 603 801 669; x_wconf 85' lang='grc' dir='ltr'><strong>καὶ</strong></span> <span class='ocrx_word' id='word_1_14' title='bbox 815 596 952 692; x_wconf 77' lang='grc' dir='ltr'><strong><em>λύσσης·</em></strong></span> <span class='ocrx_word' id='word_1_15' title='bbox 975 597 1028 671; x_wconf 77' lang='grc' dir='ltr'><strong>διὸ</strong></span> <span class='ocrx_word' id='word_1_16' title='bbox 1044 596 1180 689; x_wconf 80' lang='grc' dir='ltr'><strong><em>πάσχειν</em></strong></span> 
     </span>
     <span class='ocr_line' id='line_1_4' title="bbox 139 708 1181 804; baseline -0.004 -17"><span class='ocrx_word' id='word_1_17' title='bbox 139 745 172 787; x_wconf 88' lang='grc' dir='ltr'><strong>τι</strong></span> <span class='ocrx_word' id='word_1_18' title='bbox 191 710 318 802; x_wconf 67' lang='grc' dir='ltr'><strong><em>βέλτιον</em></strong></span> <span class='ocrx_word' id='word_1_19' title='bbox 340 708 433 796; x_wconf 80' lang='grc' dir='ltr'><strong><em>εἶναι,</em></strong></span> <span class='ocrx_word' id='word_1_20' title='bbox 463 716 517 780; x_wconf 85' lang='grc' dir='ltr'><strong>καί</strong></span> <span class='ocrx_word' id='word_1_21' title='bbox 538 717 733 794; x_wconf 74' lang='grc' dir='ltr'><strong><em>λυπεῖσθαι,</em></strong></span> <span class='ocrx_word' id='word_1_22' title='bbox 756 715 824 795; x_wconf 81' lang='grc' dir='ltr'><strong><em>καί,</em></strong></span> <span class='ocrx_word' id='word_1_23' title='bbox 854 709 889 804; x_wconf 70' lang='lat' dir='ltr'><strong>aa}</strong></span> <span class='ocrx_word' id='word_1_24' title='bbox 916 715 996 796; x_wconf 80' lang='lat' dir='ltr'><strong>Ata,</strong></span> <span class='ocrx_word' id='word_1_25' title='bbox 1026 717 1181 784; x_wconf 72' lang='grc' dir='ltr'><strong><em>λιπαίνειν</em></strong></span> 
     </span>
     <span class='ocr_line' id='line_1_5' title="bbox 139 817 1181 918; baseline 0 -22"><span class='ocrx_word' id='word_1_26' title='bbox 139 825 217 906; x_wconf 77' lang='grc' dir='ltr'><strong><em>τους</em></strong></span> <span class='ocrx_word' id='word_1_27' title='bbox 238 820 436 918; x_wconf 76' lang='grc' dir='ltr'><strong><em>ὀφθαλμούς</em></strong></span> <span class='ocrx_word' id='word_1_28' title='bbox 457 826 510 890; x_wconf 79' lang='grc' dir='ltr'><strong>καί</strong></span> <span class='ocrx_word' id='word_1_29' title='bbox 531 817 698 914; x_wconf 71' lang='grc' dir='ltr'><strong><em>τήκεσθαι.</em></strong></span> <span class='ocrx_word' id='word_1_30' title='bbox 733 832 823 911; x_wconf 86' lang='lat' dir='ltr'><strong>Quae</strong></span> <span class='ocrx_word' id='word_1_31' title='bbox 846 831 904 893; x_wconf 86' lang='lat' dir='ltr'><strong>riri</strong></span> <span class='ocrx_word' id='word_1_32' title='bbox 935 833 1092 895; x_wconf 87' lang='lat' dir='ltr'><strong>sententia</strong></span> <span class='ocrx_word' id='word_1_33' title='bbox 1122 832 1181 896; x_wconf 80' lang='lat' dir='ltr'><strong>ail-</strong></span> 
     </span>
    </p>
   </div>
   <div class='ocr_carea' id='block_1_3' title="bbox 140 942 1179 1059">
    <p class='ocr_par' dir='ltr' id='par_1_3' title="bbox 140 942 1179 1059">
     <span class='ocr_line' id='line_1_6' title="bbox 140 942 1179 1028; baseline 0.001 -20"><span class='ocrx_word' id='word_1_34' title='bbox 140 957 285 1009; x_wconf 80' lang='lat' dir='ltr'><strong>versatur</strong></span> <span class='ocrx_word' id='word_1_35' title='bbox 312 963 410 1028; x_wconf 91' lang='lat' dir='ltr'><strong>quam</strong></span> <span class='ocrx_word' id='word_1_36' title='bbox 442 942 576 1006; x_wconf 79' lang='lat' dir='ltr'><strong>maxime</strong></span> <span class='ocrx_word' id='word_1_37' title='bbox 606 943 661 1021; x_wconf 91' lang='lat' dir='ltr'><strong>iis,</strong></span> <span class='ocrx_word' id='word_1_38' title='bbox 696 965 779 1028; x_wconf 89' lang='lat' dir='ltr'><strong>quae</strong></span> <span class='ocrx_word' id='word_1_39' title='bbox 808 944 849 1006; x_wconf 92' lang='lat' dir='ltr'><strong>de</strong></span> <span class='ocrx_word' id='word_1_40' title='bbox 871 946 1012 1028; x_wconf 82' lang='lat' dir='ltr'><strong>sapiente</strong></span> <span class='ocrx_word' id='word_1_41' title='bbox 1034 947 1179 1025; x_wconf 83' lang='lat' dir='ltr'><strong>monuit,</strong></span> 
     </span>
     <span class='ocr_line' id='line_1_7' title="bbox 670 1030 679 1059; baseline 0 0"><span class='ocrx_word' id='word_1_42' title='bbox 670 1030 679 1059; x_wconf 73' lang='lat' dir='ltr'><strong>l</strong></span> 
     </span>
    </p>
   </div>
   <div class='ocr_carea' id='block_1_4' title="bbox 141 1056 1224 3640">
    <p class='ocr_par' dir='ltr' id='par_1_4' title="bbox 141 1056 1181 1922">
     <span class='ocr_line' id='line_1_8' title="bbox 142 1056 1181 1147; baseline -0.001 -24"><span class='ocrx_word' id='word_1_43' title='bbox 142 1083 239 1147; x_wconf 92' lang='lat' dir='ltr'><strong>quem</strong></span> <span class='ocrx_word' id='word_1_44' title='bbox 258 1058 458 1134; x_wconf 90' lang='lat' dir='ltr'><strong>cruciatum,</strong></span> <span class='ocrx_word' id='word_1_45' title='bbox 480 1056 702 1133; x_wconf 83' lang='lat' dir='ltr'><strong>verberatum,</strong></span> <span class='ocrx_word' id='word_1_46' title='bbox 726 1070 831 1121; x_wconf 89' lang='lat' dir='ltr'><strong>tamen</strong></span> <span class='ocrx_word' id='word_1_47' title='bbox 850 1081 913 1121; x_wconf 92' lang='lat' dir='ltr'><strong>non</strong></span> <span class='ocrx_word' id='word_1_48' title='bbox 934 1058 1062 1138; x_wconf 89' lang='lat' dir='ltr'><strong>dolere,</strong></span> <span class='ocrx_word' id='word_1_49' title='bbox 1084 1060 1181 1123; x_wconf 90' lang='lat' dir='ltr'><strong>immo</strong></span> 
     </span>
     <span class='ocr_line' id='line_1_9' title="bbox 141 1156 1181 1252; baseline -0.001 -15"><span class='ocrx_word' id='word_1_50' title='bbox 141 1197 233 1252; x_wconf 82' lang='lat' dir='ltr'><strong>vero,</strong></span> <span class='ocrx_word' id='word_1_51' title='bbox 254 1175 279 1234; x_wconf 88' lang='lat' dir='ltr'><strong>si</strong></span> <span class='ocrx_word' id='word_1_52' title='bbox 297 1173 330 1234; x_wconf 94' lang='lat' dir='ltr'><strong>in</strong></span> <span class='ocrx_word' id='word_1_53' title='bbox 352 1156 527 1235; x_wconf 81' lang='lat' dir='ltr'>Phalaridis</span> <span class='ocrx_word' id='word_1_54' title='bbox 549 1183 641 1234; x_wconf 84' lang='lat' dir='ltr'><strong>tauro</strong></span> <span class='ocrx_word' id='word_1_55' title='bbox 661 1184 758 1250; x_wconf 84' lang='lat' dir='ltr'><strong>esset,</strong></span> <span class='ocrx_word' id='word_1_56' title='bbox 779 1171 1033 1235; x_wconf 81' lang='lat' dir='ltr'><strong>exclamaturum</strong></span> <span class='ocrx_word' id='word_1_57' title='bbox 1056 1173 1181 1236; x_wconf 89' lang='lat' dir='ltr'><strong>essedi-</strong></span> 
     </span>
     <span class='ocr_line' id='line_1_10' title="bbox 142 1282 1179 1374; baseline 0 -22"><span class='ocrx_word' id='word_1_58' title='bbox 142 1289 246 1365; x_wconf 89' lang='lat' dir='ltr'><strong>eebat,</strong></span> <span class='ocrx_word' id='word_1_59' title='bbox 267 1308 369 1373; x_wconf 78' lang='lat' dir='ltr'><strong>qaam</strong></span> <span class='ocrx_word' id='word_1_60' title='bbox 387 1309 489 1347; x_wconf 82' lang='grc' dir='ltr'><strong><em>ιτισυο</em></strong></span> <span class='ocrx_word' id='word_1_61' title='bbox 506 1297 557 1347; x_wconf 75' lang='lat' dir='ltr'><strong>est</strong></span> <span class='ocrx_word' id='word_1_62' title='bbox 575 1282 656 1348; x_wconf 76' lang='grc' dir='ltr'><strong><em>Ιιοοί</em></strong></span> <span class='ocrx_word' id='word_1_63' title='bbox 679 1307 781 1370; x_wconf 84' lang='lat' dir='ltr'><strong>quom</strong></span> <span class='ocrx_word' id='word_1_64' title='bbox 800 1283 858 1347; x_wconf 89' lang='grc' dir='ltr'><strong><em>Ιιοο</em></strong></span> <span class='ocrx_word' id='word_1_65' title='bbox 873 1309 938 1348; x_wconf 77' lang='grc' dir='ltr'><strong>που</strong></span> <span class='ocrx_word' id='word_1_66' title='bbox 956 1293 1059 1350; x_wconf 78' lang='lat' dir='ltr'><strong>euro!</strong></span> <span class='ocrx_word' id='word_1_67' title='bbox 1069 1285 1095 1374; x_wconf 88' lang='lat'><strong>¹)</strong></span> <span class='ocrx_word' id='word_1_68' title='bbox 1120 1287 1179 1352; x_wconf 88' lang='lat' dir='ltr'><strong>Sed</strong></span> 
     </span>
     <span class='ocr_line' id='line_1_11' title="bbox 141 1398 1179 1488; baseline 0 -22"><span class='ocrx_word' id='word_1_69' title='bbox 141 1398 457 1466; x_wconf 85' lang='lat' dir='ltr'><strong>animadvertendum</strong></span> <span class='ocrx_word' id='word_1_70' title='bbox 479 1411 547 1486; x_wconf 85' lang='lat' dir='ltr'><strong>est,</strong></span> <span class='ocrx_word' id='word_1_71' title='bbox 578 1420 652 1461; x_wconf 92' lang='lat' dir='ltr'><strong>eum</strong></span> <span class='ocrx_word' id='word_1_72' title='bbox 672 1398 725 1462; x_wconf 92' lang='lat' dir='ltr'><strong>hio</strong></span> <span class='ocrx_word' id='word_1_73' title='bbox 750 1398 790 1461; x_wconf 89' lang='lat' dir='ltr'><strong>de</strong></span> <span class='ocrx_word' id='word_1_74' title='bbox 816 1401 958 1483; x_wconf 82' lang='lat' dir='ltr'><strong>sapiente</strong></span> <span class='ocrx_word' id='word_1_75' title='bbox 981 1400 1092 1486; x_wconf 90' lang='lat' dir='ltr'><strong>loqui,</strong></span> <span class='ocrx_word' id='word_1_76' title='bbox 1126 1404 1179 1488; x_wconf 90' lang='lat' dir='ltr'><strong>qui</strong></span> 
     </span>
     <span class='ocr_line' id='line_1_12' title="bbox 144 1512 1179 1598; baseline -0.003 -17"><span class='ocrx_word' id='word_1_77' title='bbox 144 1516 265 1581; x_wconf 90' lang='lat' dir='ltr'><strong>ratione</strong></span> <span class='ocrx_word' id='word_1_78' title='bbox 295 1536 351 1577; x_wconf 89' lang='lat' dir='ltr'><strong>sua</strong></span> <span class='ocrx_word' id='word_1_79' title='bbox 382 1513 509 1575; x_wconf 83' lang='lat' dir='ltr'><strong>vincere</strong></span> <span class='ocrx_word' id='word_1_80' title='bbox 542 1512 685 1575; x_wconf 88' lang='lat' dir='ltr'><strong>dolorem</strong></span> <span class='ocrx_word' id='word_1_81' title='bbox 715 1524 746 1575; x_wconf 90' lang='lat' dir='ltr'><strong>et</strong></span> <span class='ocrx_word' id='word_1_82' title='bbox 776 1515 926 1576; x_wconf 89' lang='lat' dir='ltr'><strong>memoria</strong></span> <span class='ocrx_word' id='word_1_83' title='bbox 957 1526 1179 1598; x_wconf 87' lang='lat' dir='ltr'><strong>perceptarum</strong></span> 
     </span>
     <span class='ocr_line' id='line_1_13' title="bbox 144 1626 1178 1714; baseline 0.001 -22"><span class='ocrx_word' id='word_1_84' title='bbox 144 1632 344 1714; x_wconf 87' lang='lat' dir='ltr'><strong>voluptatum</strong></span> <span class='ocrx_word' id='word_1_85' title='bbox 365 1627 432 1690; x_wconf 89' lang='lat' dir='ltr'><strong>eius</strong></span> <span class='ocrx_word' id='word_1_86' title='bbox 450 1626 514 1688; x_wconf 80' lang='lat' dir='ltr'><strong>vim</strong></span> <span class='ocrx_word' id='word_1_87' title='bbox 535 1627 683 1711; x_wconf 82' lang='lat' dir='ltr'><strong>frangere</strong></span> <span class='ocrx_word' id='word_1_88' title='bbox 704 1627 858 1704; x_wconf 88' lang='lat' dir='ltr'><strong>debebat,</strong></span> <span class='ocrx_word' id='word_1_89' title='bbox 892 1628 936 1690; x_wconf 93' lang='lat' dir='ltr'><strong>ibi</strong></span> <span class='ocrx_word' id='word_1_90' title='bbox 967 1650 1043 1692; x_wconf 89' lang='lat' dir='ltr'><strong>vero</strong></span> <span class='ocrx_word' id='word_1_91' title='bbox 1071 1650 1178 1693; x_wconf 88' lang='lat' dir='ltr'><strong>conso-</strong></span> 
     </span>
     <span class='ocr_line' id='line_1_14' title="bbox 144 1740 1180 1818; baseline -0.003 -9"><span class='ocrx_word' id='word_1_92' title='bbox 144 1747 238 1809; x_wconf 89' lang='lat' dir='ltr'><strong>lantis</strong></span> <span class='ocrx_word' id='word_1_93' title='bbox 260 1743 401 1806; x_wconf 90' lang='lat' dir='ltr'><strong>officium</strong></span> <span class='ocrx_word' id='word_1_94' title='bbox 423 1742 531 1818; x_wconf 88' lang='lat' dir='ltr'><strong>obire,</strong></span> <span class='ocrx_word' id='word_1_95' title='bbox 562 1740 619 1803; x_wconf 87' lang='lat' dir='ltr'><strong>ubi</strong></span> <span class='ocrx_word' id='word_1_96' title='bbox 641 1741 716 1805; x_wconf 82' lang='lat' dir='ltr'><strong>talia</strong></span> <span class='ocrx_word' id='word_1_97' title='bbox 738 1742 833 1805; x_wconf 88' lang='lat' dir='ltr'><strong>verba</strong></span> <span class='ocrx_word' id='word_1_98' title='bbox 864 1743 942 1806; x_wconf 88' lang='lat' dir='ltr'><strong>nihil</strong></span> <span class='ocrx_word' id='word_1_99' title='bbox 972 1743 1013 1807; x_wconf 89' lang='lat' dir='ltr'><strong>ad</strong></span> <span class='ocrx_word' id='word_1_100' title='bbox 1042 1745 1180 1807; x_wconf 88' lang='lat' dir='ltr'><strong>animum</strong></span> 
     </span>
     <span class='ocr_line' id='line_1_15' title="bbox 144 1855 680 1922; baseline -0.004 0"><span class='ocrx_word' id='word_1_101' title='bbox 144 1857 314 1922; x_wconf 87' lang='lat' dir='ltr'><strong>moerentis</strong></span> <span class='ocrx_word' id='word_1_102' title='bbox 335 1855 509 1920; x_wconf 90' lang='lat' dir='ltr'><strong>sedandum</strong></span> <span class='ocrx_word' id='word_1_103' title='bbox 527 1856 680 1920; x_wconf 84' lang='lat' dir='ltr'><strong>valerent.</strong></span> 
     </span>
    </p>

    <p class='ocr_par' dir='ltr' id='par_1_5' title="bbox 143 1968 1224 3640">
     <span class='ocr_line' id='line_1_16' title="bbox 188 1968 1180 2057; baseline -0.002 -22"><span class='ocrx_word' id='word_1_104' title='bbox 188 1973 279 2037; x_wconf 85' lang='lat' dir='ltr'><strong>Misso</strong></span> <span class='ocrx_word' id='word_1_105' title='bbox 298 1983 406 2035; x_wconf 82' lang='lat' dir='ltr'><strong>autem</strong></span> <span class='ocrx_word' id='word_1_106' title='bbox 424 1970 575 2054; x_wconf 86' lang='lat' dir='ltr'><strong>Epicuro,</strong></span> <span class='ocrx_word' id='word_1_107' title='bbox 598 1968 638 2031; x_wconf 90' lang='lat' dir='ltr'><strong>de</strong></span> <span class='ocrx_word' id='word_1_108' title='bbox 654 1993 720 2056; x_wconf 87' lang='lat' dir='ltr'><strong>quo</strong></span> <span class='ocrx_word' id='word_1_109' title='bbox 731 1970 811 2034; x_wconf 92' lang='lat' dir='ltr'><strong>nihil</strong></span> <span class='ocrx_word' id='word_1_110' title='bbox 830 1973 978 2055; x_wconf 86' lang='lat' dir='ltr'><strong>amplius,</strong></span> <span class='ocrx_word' id='word_1_111' title='bbox 1001 1972 1109 2057; x_wconf 90' lang='lat' dir='ltr'><strong>quoad</strong></span> <span class='ocrx_word' id='word_1_112' title='bbox 1128 1993 1180 2034; x_wconf 91' lang='lat' dir='ltr'><strong>no·</strong></span> 
     </span>
     <span class='ocr_line' id='line_1_17' title="bbox 144 2085 1180 2169; baseline -0.002 -21"><span class='ocrx_word' id='word_1_113' title='bbox 144 2098 245 2149; x_wconf 89' lang='lat' dir='ltr'><strong>strum</strong></span> <span class='ocrx_word' id='word_1_114' title='bbox 275 2096 522 2169; x_wconf 80' lang='lat' dir='ltr'><strong>argumentum,</strong></span> <span class='ocrx_word' id='word_1_115' title='bbox 556 2086 728 2149; x_wconf 88' lang='lat' dir='ltr'><strong>memoriae</strong></span> <span class='ocrx_word' id='word_1_116' title='bbox 757 2096 804 2148; x_wconf 88' lang='lat' dir='ltr'><strong>est</strong></span> <span class='ocrx_word' id='word_1_117' title='bbox 833 2085 1013 2168; x_wconf 88' lang='lat' dir='ltr'><strong>proditum,</strong></span> <span class='ocrx_word' id='word_1_118' title='bbox 1045 2086 1086 2149; x_wconf 91' lang='lat' dir='ltr'><strong>de</strong></span> <span class='ocrx_word' id='word_1_119' title='bbox 1115 2086 1180 2148; x_wconf 89' lang='lat' dir='ltr'><strong>eius</strong></span> 
     </span>
     <span class='ocr_line' id='line_1_18' title="bbox 144 2197 1180 2285; baseline -0.002 -22"><span class='ocrx_word' id='word_1_120' title='bbox 144 2199 302 2284; x_wconf 86' lang='lat' dir='ltr'><strong>discipulo</strong></span> <span class='ocrx_word' id='word_1_121' title='bbox 335 2197 528 2261; x_wconf 84' lang='lat' dir='ltr'><strong>Metrodoro</strong></span> <span class='ocrx_word' id='word_1_122' title='bbox 566 2198 655 2260; x_wconf 87' lang='lat' dir='ltr'><strong>nobis</strong></span> <span class='ocrx_word' id='word_1_123' title='bbox 685 2211 732 2263; x_wconf 83' lang='lat' dir='ltr'><strong>est</strong></span> <span class='ocrx_word' id='word_1_124' title='bbox 762 2199 941 2284; x_wconf 85' lang='lat' dir='ltr'><strong>agendum,</strong></span> <span class='ocrx_word' id='word_1_125' title='bbox 984 2221 1082 2285; x_wconf 93' lang='lat' dir='ltr'><strong>quem</strong></span> <span class='ocrx_word' id='word_1_126' title='bbox 1117 2200 1180 2282; x_wconf 94' lang='lat' dir='ltr'><strong>epi-</strong></span> 
     </span>
     <span class='ocr_line' id='line_1_19' title="bbox 144 2312 1181 2399; baseline -0.002 -23"><span class='ocrx_word' id='word_1_127' title='bbox 144 2315 256 2378; x_wconf 89' lang='lat' dir='ltr'><strong>stolam</strong></span> <span class='ocrx_word' id='word_1_128' title='bbox 275 2312 315 2376; x_wconf 89' lang='lat' dir='ltr'><strong>ad</strong></span> <span class='ocrx_word' id='word_1_129' title='bbox 335 2333 475 2376; x_wconf 91' lang='lat' dir='ltr'><strong>sororem</strong></span> <span class='ocrx_word' id='word_1_130' title='bbox 494 2312 655 2395; x_wconf 77' lang='lat' dir='ltr'><strong>scripsisse</strong></span> <span class='ocrx_word' id='word_1_131' title='bbox 675 2315 831 2392; x_wconf 88' lang='lat' dir='ltr'><strong>novimus,</strong></span> <span class='ocrx_word' id='word_1_132' title='bbox 855 2337 919 2399; x_wconf 89' lang='lat' dir='ltr'><strong>qua</strong></span> <span class='ocrx_word' id='word_1_133' title='bbox 940 2336 1010 2377; x_wconf 91' lang='lat' dir='ltr'><strong>eam</strong></span> <span class='ocrx_word' id='word_1_134' title='bbox 1025 2314 1071 2375; x_wconf 83' lang='lat' dir='ltr'><strong>&#39;tle</strong></span> <span class='ocrx_word' id='word_1_135' title='bbox 1082 2324 1181 2377; x_wconf 88' lang='lat' dir='ltr'><strong>morte</strong></span> 
     </span>
     <span class='ocr_line' id='line_1_20' title="bbox 143 2405 1181 2511; baseline -0.001 -21"><span class='ocrx_word' id='word_1_136' title='bbox 143 2406 202 2491; x_wconf 93' lang='lat' dir='ltr'><strong>filii</strong></span> <span class='ocrx_word' id='word_1_137' title='bbox 224 2428 362 2511; x_wconf 81' lang='lat' dir='ltr'><strong>optimae</strong></span> <span class='ocrx_word' id='word_1_138' title='bbox 388 2425 504 2488; x_wconf 90' lang='lat' dir='ltr'><strong>indolis</strong></span> <span class='ocrx_word' id='word_1_139' title='bbox 534 2428 714 2490; x_wconf 83' lang='lat' dir='ltr'><strong>consolatus</strong></span> <span class='ocrx_word' id='word_1_140' title='bbox 744 2439 801 2493; x_wconf 90' lang='lat' dir='ltr'><strong>est.</strong></span> <span class='ocrx_word' id='word_1_141' title='bbox 847 2405 935 2491; x_wconf 85' lang='lat' dir='ltr'><strong>Fecit</strong></span> <span class='ocrx_word' id='word_1_142' title='bbox 964 2438 1072 2491; x_wconf 89' lang='lat' dir='ltr'><strong>autem</strong></span> <span class='ocrx_word' id='word_1_143' title='bbox 1101 2425 1181 2489; x_wconf 90' lang='lat' dir='ltr'><strong>illud</strong></span> 
     </span>
     <span class='ocr_line' id='line_1_21' title="bbox 143 2538 1179 2619; baseline -0.002 -15"><span class='ocrx_word' id='word_1_144' title='bbox 143 2543 198 2619; x_wconf 89' lang='lat' dir='ltr'><strong>ita,</strong></span> <span class='ocrx_word' id='word_1_145' title='bbox 221 2552 257 2603; x_wconf 83' lang='lat' dir='ltr'><strong>ut</strong></span> <span class='ocrx_word' id='word_1_146' title='bbox 277 2539 457 2603; x_wconf 88' lang='lat' dir='ltr'><strong>ostenderet</strong></span> <span class='ocrx_word' id='word_1_147' title='bbox 477 2538 611 2600; x_wconf 87' lang='lat' dir='ltr'><strong>mortale</strong></span> <span class='ocrx_word' id='word_1_148' title='bbox 631 2562 697 2602; x_wconf 90' lang='lat' dir='ltr'><strong>esse</strong></span> <span class='ocrx_word' id='word_1_149' title='bbox 720 2563 812 2603; x_wconf 91' lang='lat' dir='ltr'><strong>omne</strong></span> <span class='ocrx_word' id='word_1_150' title='bbox 835 2544 1019 2605; x_wconf 88' lang='lat' dir='ltr'><strong>mortalium</strong></span> <span class='ocrx_word' id='word_1_151' title='bbox 1042 2541 1179 2617; x_wconf 89' lang='lat' dir='ltr'><strong>bonum,</strong></span> 
     </span>
     <span class='ocr_line' id='line_1_22' title="bbox 143 2633 1181 2741; baseline -0.003 -22"><span class='ocrx_word' id='word_1_152' title='bbox 143 2669 241 2741; x_wconf 86' lang='lat' dir='ltr'><strong>atque</strong></span> <span class='ocrx_word' id='word_1_153' title='bbox 260 2656 303 2718; x_wconf 91' lang='lat' dir='ltr'><strong>ita</strong></span> <span class='ocrx_word' id='word_1_154' title='bbox 324 2653 416 2716; x_wconf 90' lang='lat' dir='ltr'><strong>bonis</strong></span> <span class='ocrx_word' id='word_1_155' title='bbox 438 2651 508 2728; x_wconf 91' lang='lat' dir='ltr'><strong>his,</strong></span> <span class='ocrx_word' id='word_1_156' title='bbox 539 2651 579 2714; x_wconf 88' lang='lat' dir='ltr'><strong>ad</strong></span> <span class='ocrx_word' id='word_1_157' title='bbox 602 2673 685 2736; x_wconf 88' lang='lat' dir='ltr'><strong>quae</strong></span> <span class='ocrx_word' id='word_1_158' title='bbox 708 2633 932 2733; x_wconf 75' lang='lat' dir='ltr'><strong>concurritur,</strong></span> <span class='ocrx_word' id='word_1_159' title='bbox 964 2656 1095 2717; x_wconf 90' lang='lat' dir='ltr'><strong>minime</strong></span> <span class='ocrx_word' id='word_1_160' title='bbox 1118 2675 1181 2716; x_wconf 89' lang='lat' dir='ltr'><strong>esse</strong></span> 
     </span>
     <span class='ocr_line' id='line_1_23' title="bbox 144 2765 1181 2850; baseline -0.001 -18"><span class='ocrx_word' id='word_1_161' title='bbox 144 2767 388 2843; x_wconf 89' lang='lat' dir='ltr'><strong>confidendum,</strong></span> <span class='ocrx_word' id='word_1_162' title='bbox 419 2765 540 2850; x_wconf 90' lang='lat' dir='ltr'><strong>quippe</strong></span> <span class='ocrx_word' id='word_1_163' title='bbox 562 2787 645 2849; x_wconf 89' lang='lat' dir='ltr'><strong>quae</strong></span> <span class='ocrx_word' id='word_1_164' title='bbox 672 2789 736 2830; x_wconf 90' lang='lat' dir='ltr'><strong>uno</strong></span> <span class='ocrx_word' id='word_1_165' title='bbox 758 2766 810 2830; x_wconf 93' lang='lat' dir='ltr'><strong>die</strong></span> <span class='ocrx_word' id='word_1_166' title='bbox 833 2770 937 2831; x_wconf 91' lang='lat' dir='ltr'><strong>omnia</strong></span> <span class='ocrx_word' id='word_1_167' title='bbox 958 2770 1055 2831; x_wconf 90' lang='lat' dir='ltr'><strong>simus</strong></span> <span class='ocrx_word' id='word_1_168' title='bbox 1086 2769 1181 2831; x_wconf 89' lang='lat' dir='ltr'><strong>amis-</strong></span> 
     </span>
     <span class='ocr_line' id='line_1_24' title="bbox 143 2877 1180 2968; baseline -0.001 -23"><span class='ocrx_word' id='word_1_169' title='bbox 143 2881 219 2946; x_wconf 89' lang='lat' dir='ltr'><strong>suri.</strong></span> <span class='ocrx_word' id='word_1_170' title='bbox 233 2877 259 2968; x_wconf 75' lang='grc'><strong>2)</strong></span> <span class='ocrx_word' id='word_1_171' title='bbox 296 2881 386 2962; x_wconf 89' lang='lat' dir='ltr'><strong>Quae</strong></span> <span class='ocrx_word' id='word_1_172' title='bbox 407 2902 507 2966; x_wconf 91' lang='lat' dir='ltr'><strong>quum</strong></span> <span class='ocrx_word' id='word_1_173' title='bbox 530 2893 633 2944; x_wconf 89' lang='lat' dir='ltr'><strong>essent</strong></span> <span class='ocrx_word' id='word_1_174' title='bbox 655 2881 753 2966; x_wconf 91' lang='lat' dir='ltr'><strong>ipsius</strong></span> <span class='ocrx_word' id='word_1_175' title='bbox 774 2883 807 2945; x_wconf 95' lang='lat' dir='ltr'><strong>in</strong></span> <span class='ocrx_word' id='word_1_176' title='bbox 828 2882 896 2967; x_wconf 85' lang='lat' dir='ltr'><strong>hac¹</strong></span> <span class='ocrx_word' id='word_1_177' title='bbox 912 2883 1044 2968; x_wconf 87' lang='lat' dir='ltr'><strong>epistola</strong></span> <span class='ocrx_word' id='word_1_178' title='bbox 1067 2883 1180 2958; x_wconf 72' lang='lat' dir='ltr'><strong>rerba,</strong></span> 
     </span>
     <span class='ocr_line' id='line_1_25' title="bbox 143 2993 1181 3081; baseline -0.001 -22"><span class='ocrx_word' id='word_1_179' title='bbox 143 3019 207 3060; x_wconf 82' lang='lat' dir='ltr'><strong>tion</strong></span> <span class='ocrx_word' id='word_1_180' title='bbox 227 2996 410 3060; x_wconf 88' lang='lat' dir='ltr'><strong>dubitamus</strong></span> <span class='ocrx_word' id='word_1_181' title='bbox 432 2993 471 3056; x_wconf 88' lang='lat' dir='ltr'><strong>ad</strong></span> <span class='ocrx_word' id='word_1_182' title='bbox 491 2993 624 3056; x_wconf 92' lang='lat' dir='ltr'><strong>eandem</strong></span> <span class='ocrx_word' id='word_1_183' title='bbox 644 2997 782 3073; x_wconf 87' lang='lat' dir='ltr'><strong>referre,</strong></span> <span class='ocrx_word' id='word_1_184' title='bbox 808 3017 891 3081; x_wconf 89' lang='lat' dir='ltr'><strong>quae</strong></span> <span class='ocrx_word' id='word_1_185' title='bbox 909 2996 976 3058; x_wconf 90' lang='lat' dir='ltr'><strong>eius</strong></span> <span class='ocrx_word' id='word_1_186' title='bbox 994 2996 1122 3058; x_wconf 90' lang='lat' dir='ltr'><strong>nomine</strong></span> <span class='ocrx_word' id='word_1_187' title='bbox 1138 2996 1181 3057; x_wconf 91' lang='lat' dir='ltr'><strong>le·</strong></span> 
     </span>
     <span class='ocr_line' id='line_1_26' title="bbox 144 3097 1183 3194; baseline -0.002 -22"><span class='ocrx_word' id='word_1_188' title='bbox 144 3111 248 3194; x_wconf 87' lang='lat' dir='ltr'><strong>gimus</strong></span> <span class='ocrx_word' id='word_1_189' title='bbox 269 3107 355 3193; x_wconf 91' lang='lat' dir='ltr'><strong>apud</strong></span> <span class='ocrx_word' id='word_1_190' title='bbox 376 3107 569 3170; x_wconf 87' lang='lat' dir='ltr'><strong>Stobaeum:</strong></span> <span class='ocrx_word' id='word_1_191' title='bbox 600 3097 825 3188; x_wconf 77' lang='grc' dir='ltr'><strong><em>ἐτοιμάζοντοιί</em></strong></span> <span class='ocrx_word' id='word_1_192' title='bbox 844 3127 937 3180; x_wconf 85' lang='grc' dir='ltr'><strong><em>’τινες</em></strong></span> <span class='ocrx_word' id='word_1_193' title='bbox 965 3099 1020 3172; x_wconf 81' lang='grc' dir='ltr'><strong>διά</strong></span> <span class='ocrx_word' id='word_1_194' title='bbox 1045 3105 1122 3189; x_wconf 79' lang='grc' dir='ltr'><strong><em>βίου</em></strong></span> <span class='ocrx_word' id='word_1_195' title='bbox 1144 3098 1183 3170; x_wconf 80' lang='grc' dir='ltr'><strong>τά</strong></span> 
     </span>
     <span class='ocr_line' id='line_1_27' title="bbox 143 3207 1224 3306; baseline 0.001 -24"><span class='ocrx_word' id='word_1_196' title='bbox 143 3212 229 3306; x_wconf 78' lang='grc' dir='ltr'><strong><em>πρὸς</em></strong></span> <span class='ocrx_word' id='word_1_197' title='bbox 250 3242 306 3283; x_wconf 90' lang='grc' dir='ltr'><strong>τον</strong></span> <span class='ocrx_word' id='word_1_198' title='bbox 327 3217 415 3299; x_wconf 71' lang='grc' dir='ltr'><strong><em>βίον,</em></strong></span> <span class='ocrx_word' id='word_1_199' title='bbox 442 3207 638 3300; x_wconf 78' lang='grc' dir='ltr'><strong><em>βιωσόμενοι</em></strong></span> <span class='ocrx_word' id='word_1_200' title='bbox 669 3210 752 3301; x_wconf 83' lang='grc' dir='ltr'><strong><em>μετά</em></strong></span> <span class='ocrx_word' id='word_1_201' title='bbox 777 3210 816 3284; x_wconf 76' lang='grc' dir='ltr'><strong>τά</strong></span> <span class='ocrx_word' id='word_1_202' title='bbox 844 3207 1014 3301; x_wconf 76' lang='grc' dir='ltr'><strong><em>λεγόμενον</em></strong></span> <span class='ocrx_word' id='word_1_203' title='bbox 1042 3215 1114 3304; x_wconf 82' lang='grc' dir='ltr'><strong><em>ζῆν,</em></strong></span> <span class='ocrx_word' id='word_1_204' title='bbox 1146 3207 1184 3282; x_wconf 82' lang='lat' dir='ltr'><strong>oti</strong></span> <span class='ocrx_word' id='word_1_205' title='bbox 1222 3279 1224 3283; x_wconf 12' lang='grc' dir='ltr'><em>Α</em></span> 
     </span>
     <span class='ocr_line' id='line_1_28' title="bbox 144 3318 1184 3416; baseline -0.003 -22"><span class='ocrx_word' id='word_1_206' title='bbox 144 3328 341 3416; x_wconf 76' lang='grc' dir='ltr'><strong><em>συνορῶντες</em></strong></span> <span class='ocrx_word' id='word_1_207' title='bbox 363 3318 408 3402; x_wconf 78' lang='grc' dir='ltr'><strong>ὥς</strong></span> <span class='ocrx_word' id='word_1_208' title='bbox 435 3328 534 3392; x_wconf 79' lang='grc' dir='ltr'><strong><em>πᾶσιν</em></strong></span> <span class='ocrx_word' id='word_1_209' title='bbox 561 3319 635 3415; x_wconf 78' lang='grc' dir='ltr'><strong><em>ἡμῖν</em></strong></span> <span class='ocrx_word' id='word_1_210' title='bbox 661 3319 843 3411; x_wconf 78' lang='grc' dir='ltr'><strong><em>θανάσιμον</em></strong></span> <span class='ocrx_word' id='word_1_211' title='bbox 871 3318 1036 3414; x_wconf 65' lang='grc' dir='ltr'><strong><em>ἐγκέχυται</em></strong></span> <span class='ocrx_word' id='word_1_212' title='bbox 1062 3320 1101 3393; x_wconf 73' lang='lat' dir='ltr'><strong>ati</strong></span> <span class='ocrx_word' id='word_1_213' title='bbox 1128 3326 1184 3414; x_wconf 84' lang='grc' dir='ltr'><strong>τῆς</strong></span> 
     </span>
     <span class='ocr_line' id='line_1_29' title="bbox 143 3423 1183 3527; baseline -0.003 -22"><span class='ocrx_word' id='word_1_214' title='bbox 143 3429 297 3527; x_wconf 71' lang='grc' dir='ltr'><strong><em>γενέσεως</em></strong></span> <span class='ocrx_word' id='word_1_215' title='bbox 308 3429 489 3527; x_wconf 77' lang='grc' dir='ltr'><strong><em>φάρμακον.</em></strong></span> <span class='ocrx_word' id='word_1_216' title='bbox 498 3436 523 3527; x_wconf 81' lang='lat'><strong>³)</strong></span> <span class='ocrx_word' id='word_1_217' title='bbox 535 3423 571 3498; x_wconf 40' lang='grc'><strong>’-</strong></span> <span class='ocrx_word' id='word_1_218' title='bbox 582 3430 676 3525; x_wconf 70' lang='grc' dir='ltr'><strong><em>Πρὸς</em></strong></span> <span class='ocrx_word' id='word_1_219' title='bbox 696 3436 755 3522; x_wconf 77' lang='grc' dir='ltr'><strong>μὲν</strong></span> <span class='ocrx_word' id='word_1_220' title='bbox 775 3430 817 3502; x_wconf 83' lang='grc' dir='ltr'><strong>τά</strong></span> <span class='ocrx_word' id='word_1_221' title='bbox 833 3429 915 3502; x_wconf 62' lang='lat' dir='ltr'><strong>{itta</strong></span> <span class='ocrx_word' id='word_1_222' title='bbox 930 3431 1064 3502; x_wconf 76' lang='grc' dir='ltr'><strong><em>δυνατόν</em></strong></span> <span class='ocrx_word' id='word_1_223' title='bbox 1074 3427 1183 3524; x_wconf 84' lang='grc' dir='ltr'><strong><em>άσφά-</em></strong></span> 
     </span>
     <span class='ocr_line' id='line_1_30' title="bbox 144 3539 1184 3640; baseline -0.003 -24"><span class='ocrx_word' id='word_1_224' title='bbox 144 3553 231 3619; x_wconf 68' lang='lat' dir='ltr'><strong>letos</strong></span> <span class='ocrx_word' id='word_1_225' title='bbox 252 3551 474 3640; x_wconf 74' lang='grc' dir='ltr'><strong><em>πορίσασθαι·</em></strong></span> <span class='ocrx_word' id='word_1_226' title='bbox 498 3543 590 3639; x_wconf 88' lang='grc' dir='ltr'><strong><em>χάριν</em></strong></span> <span class='ocrx_word' id='word_1_227' title='bbox 612 3548 649 3614; x_wconf 79' lang='grc' dir='ltr'><strong>δὲ</strong></span> <span class='ocrx_word' id='word_1_228' title='bbox 674 3539 835 3628; x_wconf 75' lang='grc' dir='ltr'><strong><em>θανάτου,</em></strong></span> <span class='ocrx_word' id='word_1_229' title='bbox 864 3540 983 3626; x_wconf 82' lang='grc' dir='ltr'><strong><em>πάντες</em></strong></span> <span class='ocrx_word' id='word_1_230' title='bbox 1010 3541 1184 3639; x_wconf 68' lang='grc' dir='ltr'><strong><em>άνθριοποι</em></strong></span> 
     </span>
    </p>
   </div>
   <div class='ocr_carea' id='block_1_5' title="bbox 143 3749 350 3759">
    <p class='ocr_par' dir='ltr' id='par_1_6' title="bbox 143 3749 350 3759">
     <span class='ocr_line' id='line_1_31' title="bbox 143 3749 350 3759; baseline -0.014 0"><span class='ocrx_word' id='word_1_231' title='bbox 143 3749 350 3759; x_wconf 72' lang='grc' dir='ltr'><strong>ι--</strong></span> 
     </span>
    </p>
   </div>
   <div class='ocr_carea' id='block_1_6' title="bbox 180 3866 951 4120">
    <p class='ocr_par' dir='ltr' id='par_1_7' title="bbox 180 3866 951 4120">
     <span class='ocr_line' id='line_1_32' title="bbox 182 3866 951 3934; baseline -0.003 -13"><span class='ocrx_word' id='word_1_232' title='bbox 182 3871 211 3934; x_wconf 84' lang='grc'><strong>1)</strong></span> <span class='ocrx_word' id='word_1_233' title='bbox 246 3873 298 3921; x_wconf 87' lang='lat' dir='ltr'><strong>Cic.</strong></span> <span class='ocrx_word' id='word_1_234' title='bbox 316 3873 390 3920; x_wconf 79' lang='lat' dir='ltr'><strong>Tuae.</strong></span> <span class='ocrx_word' id='word_1_235' title='bbox 412 3871 441 3927; x_wconf 81' lang='lat' dir='ltr'><strong>Q.</strong></span> <span class='ocrx_word' id='word_1_236' title='bbox 458 3869 488 3920; x_wconf 91' lang='lat' dir='ltr'><strong>ll.</strong></span> <span class='ocrx_word' id='word_1_237' title='bbox 509 3866 535 3931; x_wconf 88' lang='lat'><strong>7,</strong></span> <span class='ocrx_word' id='word_1_238' title='bbox 555 3869 583 3919; x_wconf 94' lang='lat' dir='ltr'><strong>V.</strong></span> <span class='ocrx_word' id='word_1_239' title='bbox 604 3866 645 3918; x_wconf 81' lang='grc'><strong>26.</strong></span> <span class='ocrx_word' id='word_1_240' title='bbox 665 3868 735 3930; x_wconf 76' lang='lat' dir='ltr'><strong>lliog.</strong></span> <span class='ocrx_word' id='word_1_241' title='bbox 748 3871 828 3918; x_wconf 68' lang='lat' dir='ltr'><strong>Laert.</strong></span> <span class='ocrx_word' id='word_1_242' title='bbox 847 3869 874 3918; x_wconf 78' lang='lat' dir='ltr'><strong>x.</strong></span> <span class='ocrx_word' id='word_1_243' title='bbox 896 3867 951 3919; x_wconf 74' lang='lat'><strong>177.</strong></span> 
     </span>
     <span class='ocr_line' id='line_1_33' title="bbox 180 3963 584 4029; baseline -0.002 -16"><span class='ocrx_word' id='word_1_244' title='bbox 180 3963 211 4028; x_wconf 82' lang='lat'><strong>2)</strong></span> <span class='ocrx_word' id='word_1_245' title='bbox 247 3966 340 4013; x_wconf 82' lang='lat' dir='ltr'><strong>Seneca</strong></span> <span class='ocrx_word' id='word_1_246' title='bbox 358 3965 444 4027; x_wconf 80' lang='lat' dir='ltr'><strong>Epist.</strong></span> <span class='ocrx_word' id='word_1_247' title='bbox 460 3963 501 4014; x_wconf 83' lang='lat'><strong>98.</strong></span> <span class='ocrx_word' id='word_1_248' title='bbox 520 3965 541 4029; x_wconf 57' lang='grc' dir='ltr'><strong>ᾗ.</strong></span> <span class='ocrx_word' id='word_1_249' title='bbox 560 3964 584 4012; x_wconf 89' lang='grc'><strong>9.</strong></span> 
     </span>
     <span class='ocr_line' id='line_1_34' title="bbox 180 4055 725 4120; baseline -0.002 -16"><span class='ocrx_word' id='word_1_250' title='bbox 180 4056 211 4120; x_wconf 84' lang='grc'><strong>3)</strong></span> <span class='ocrx_word' id='word_1_251' title='bbox 246 4058 315 4107; x_wconf 82' lang='lat' dir='ltr'><strong>stob.</strong></span> <span class='ocrx_word' id='word_1_252' title='bbox 335 4058 404 4107; x_wconf 85' lang='lat' dir='ltr'><strong>Flor.</strong></span> <span class='ocrx_word' id='word_1_253' title='bbox 420 4058 459 4107; x_wconf 81' lang='lat' dir='ltr'><strong>tit.</strong></span> <span class='ocrx_word' id='word_1_254' title='bbox 476 4056 518 4118; x_wconf 83' lang='grc'><strong>16,</strong></span> <span class='ocrx_word' id='word_1_255' title='bbox 536 4055 570 4104; x_wconf 77' lang='grc'><strong>20</strong></span> <span class='ocrx_word' id='word_1_256' title='bbox 585 4057 629 4106; x_wconf 78' lang='lat' dir='ltr'><strong>Et.</strong></span> <span class='ocrx_word' id='word_1_257' title='bbox 645 4057 725 4113; x_wconf 31' lang='lat' dir='ltr'><strong>Gaias..</strong></span> 
     </span>
    </p>
   </div>
   <div class='ocr_carea' id='block_1_7' title="bbox 0 0 1330 4844">
    <p class='ocr_par' dir='ltr' id='par_1_8' title="bbox 0 0 1330 4844">
     <span class='ocr_line' id='line_1_35' title="bbox 0 0 1330 4844; baseline 0 0"><span class='ocrx_word' id='word_1_258' title='bbox 0 0 1330 4844; x_wconf 95' lang='lat' dir='ltr'><strong> </strong></span> 
     </span>
    </p>
   </div>
  </div>
 </body>
</html>
