2648 4844
603 313 641 373 19

96 490 310 573 explicuerit,
328 511 368 552 an
388 492 422 552 in
443 485 554 572 κέρατι
575 480 759 569 ἄμαλθείας
777 495 886 557 brevia
908 506 1031 560 tautum
1048 519 1139 582 prae-

97 615 193 688 cepta
212 603 355 681 dederit,
375 605 525 669 affirmari
546 610 674 693 nequit;
696 621 892 694 postremum
914 622 1019 672 tamen
1039 614 1139 698 magis

95 730 146 781 est
179 719 246 780 veri
277 729 547 799 consentaneum,
572 744 680 807 quum
711 725 777 787 lere
811 724 915 786 oinnia
942 724 1137 805 Democriti,

95 843 260 917 quotquot
282 844 422 911 exstant,
443 835 639 920 fragmenta,
663 839 853 900 sententiosa
870 838 932 899 sint
943 837 1029 901 dicta
1040 851 1138 924 atque

96 947 165 1030 ipse
185 947 290 1030 operis
310 947 423 1009 titulus
446 948 478 1010 id
498 948 640 1011 indicare
661 949 816 1013 videatur.

141 1059 357 1142 Suhjiciamus
389 1060 467 1124 huic
501 1061 737 1146 Hipparchum
770 1063 1028 1148 Pythagoreum,
1073 1090 1136 1131 nun

95 1184 266 1258 propterea
297 1174 384 1260 quod
413 1187 516 1238 aetate
546 1179 708 1261 proximus
731 1179 770 1240 sit
791 1177 992 1257 Democrito,
1027 1180 1138 1245 floruit

94 1288 182 1350 enim
194 1298 337 1372 temporo
356 1288 476 1374 Lysidis
489 1301 520 1351 et
531 1291 787 1374 Epaminondae,
811 1291 865 1355 s'ed
878 1292 965 1376 quod
982 1293 1038 1355 ille
1050 1315 1136 1379 quo-
1193 1286 1197 1293 ’

95 1422 161 1486 que
192 1401 234 1464 de
264 1403 361 1464 animi
391 1404 624 1487 tranquillitate
654 1407 879 1489 conscripserit
908 1406 1046 1485 librum,
1078 1409 1136 1492 qui
1206 1437 1210 1442 ·

97 1525 206 1577 tamen
222 1518 373 1604 temporis
385 1516 504 1598 injuria
520 1530 658 1580 nostram
682 1540 745 1581 non
767 1519 845 1581 vidit
868 1531 1013 1584 aetatem.
1047 1521 1134 1601 Quo·

94 1631 201 1693 minus
218 1651 293 1694 vero
310 1640 413 1694 totum
433 1631 687 1695 desideraremus
705 1654 800 1716 opus,
823 1633 900 1696 feeit
911 1634 1054 1696 studium
1063 1636 1135 1698 Sto-

95 1744 186 1822 baei,
218 1746 275 1830 qui
296 1746 371 1808 satis
392 1745 536 1829 amplum
555 1746 623 1808 eius
643 1745 733 1808 nobis
753 1747 887 1809 servavit
905 1747 1133 1831 fragmentum,

94 1857 184 1943 quod
206 1859 241 1920 in
261 1859 333 1931 loco
357 1859 568 1922 consolatorio
590 1861 726 1922 maxime
747 1872 900 1924 versatur.
926 1857 951 1944 ¹)
986 1863 1133 1924 Attamen

94 1984 131 2034 ut
152 1971 192 2034 de
204 1974 318 2036 ceteris
330 1972 604 2058 Pythagoreorum
627 1974 771 2057 reliquiis
782 2022 791 2051 ,
804 1975 848 2036 ita
861 1995 993 2058 quoqne
1005 1974 1044 2036 de
1057 1976 1134 2060 Hip-

92 2085 207 2169 parchi
223 2087 406 2172 lragmento
419 2085 504 2170 apud
525 2087 718 2164 stobaeum,
743 2109 821 2148 num
844 2088 1020 2172 genuinum
1032 2100 1131 2167 esset,

93 2198 284 2262 dubitarunt
304 2201 365 2262 viri
383 2199 489 2279 docti,
514 2221 616 2285 quum
637 2201 671 2262 in
692 2200 730 2262 iis
754 2201 907 2263 nonnulla
934 2202 1131 2280 invenirent,
1227 2219 1229 2223 ·

93 2334 263 2398 quaecum
280 2314 428 2378 doctrina
445 2313 643 2399 Pythagorae
654 2314 741 2377 haud
761 2325 985 2399 congruerent.
998 2311 1023 2399 2)
1038 2315 1133 2394 Quod

93 2428 150 2490 etsi
183 2427 224 2490 de
247 2429 360 2491 ceteris
391 2450 502 2491 verum
535 2428 595 2505 sit,
630 2427 670 2491 de
695 2427 1006 2512 Hipparchotamen
1037 2428 1133 2511 plane

90 2539 242 2604 affirmari
261 2542 390 2626 nequit,
409 2562 506 2626 quem
519 2563 535 2602 e
547 2540 656 2604 schola
668 2540 867 2626 Pythagorae
879 2539 1017 2624 ejectum
1033 2542 1131 2605 fuisse

90 2654 246 2739 legimus,
270 2655 347 2740 quia
358 2655 476 2739 placita
488 2655 630 2738 magistri
640 2656 760 2738 scripto
778 2655 980 2717 mandaverat
1000 2665 1031 2716 et
1043 2676 1130 2717 com-

87 2770 308 2832 municaverat
330 2791 403 2832 cum
426 2759 607 2831 hominihus
628 2790 691 2830 nou
720 2770 780 2830 rite
809 2769 949 2857 initiatis.
965 2765 989 2852 ³)
1025 2769 1131 2831 Facile

88 2874 192 2958 igitur
211 2872 264 2937 ille
283 2874 400 2937 deinde
420 2875 469 2935 vel
491 2873 722 2956 Peripateticae
741 2873 789 2934 vel
801 2873 855 2934 alii
865 2873 1129 2957 philosophorum

89 2997 196 3051 sectae
214 3011 342 3073 operam
364 3010 496 3064 navare,
521 2997 618 3070 atque
637 2988 680 3048 ita
698 2985 772 3048 talia
792 2987 824 3047 in
844 2987 972 3069 scriptis
986 2987 1128 3068 proferre

89 3101 213 3185 potuit,
242 3123 325 3186 quae
348 3101 536 3188 ceteroquin
559 3123 632 3163 cum
655 3100 855 3185 Pythagorae
882 3098 1007 3182 placitis
1024 3099 1128 3160 minus

123 3265 150 3328 1)
185 3268 255 3317 stol).
269 3270 339 3316 Flor.
357 3270 397 3316 tit.
411 3268 477 3332 108,
492 3269 534 3317 81.
551 3270 595 3317 Ed.
616 3268 691 3315 Gaius.

123 3358 149 3423 2)
185 3362 259 3410 Vidd.
286 3364 400 3410 Brucker
422 3364 493 3411 Hist.
508 3365 566 3410 crit.
582 3363 647 3425 phil.
665 3362 685 3409 1.
707 3377 730 3423 p.
746 3358 822 3406 1102.
848 3360 955 3408 lleiners
976 3360 1065 3406 Gesclr.
1082 3360 1128 3405 der

89 3456 171 3504 Wiss.
187 3458 208 3504 1.
226 3473 250 3520 p.
275 3455 334 3504 601.
360 3440 443 3505 Ritter
471 3460 560 3504 Gesoh.
587 3457 632 3504 dor
658 3456 734 3518 Pyro.
757 3455 826 3502 Phil.
845 3470 867 3516 p.
892 3453 925 3500 63
944 3470 999 3514 sqq.
1027 3460 1052 3499 et
1078 3456 1126 3499 Gr·
1170 3449 1174 3455 ’

87 3551 141 3598 sch.
159 3551 206 3598 der
229 3551 299 3597 Ptit.
318 3552 373 3598 Vol.
392 3553 411 3598 1.
429 3567 453 3614 p.
473 3550 524 3600 359
543 3568 580 3613 sq.
805 3608 811 3616 .

122 3640 148 3703 3)
182 3645 275 3693 Jambl.
300 3645 331 3691 de
356 3647 402 3691 vit.
426 3646 501 3706 Pyro.
522 3643 555 3690 75
580 3649 664 3691 narrat
678 3659 737 3690 eum
753 3659 767 3690 a
786 3643 873 3704 Lyside
889 3643 935 3688 hae
955 3641 985 3686 de
1004 3656 1028 3685 re
1047 3640 1123 3685 luisse

86 3740 289 3801 reprehensum,
314 3755 343 3786 ae
370 3739 463 3787 deinde
488 3755 502 3786 e
524 3739 609 3786 schola
635 3739 762 3800 ejectum,
787 3753 801 3784 a
826 3734 988 3797 Pythagoreis
1004 3739 1122 3794 tanquam

86 3837 216 3881 mortuum
232 3833 308 3880 luisse
327 3833 441 3881 habitum
455 3833 554 3896 ipsique
570 3837 763 3879 monumentum
776 3829 852 3876 luisse
860 3831 1032 3886 exstructum,
1046 3842 1121 3888 quam

84 3927 302 3988 Pythagoreorum
317 3927 528 3975 consuetudinem
542 3925 659 3988 pluribus
671 3925 749 3972 refert
768 3922 836 3969 idem
848 3920 889 3969 74.
906 3922 942 3969 Cf.
959 3907 1036 3968 cte'm.
1051 3920 1120 3967 Alex.

82 4020 102 4066 l.
121 4021 150 4067 V.
168 4021 258 4068 Stronr.
272 4037 298 4084 p.
310 4019 369 4068 575.

860 4059 900 4162 a.
