2648 4844
631 361 693 423 132

140 566 323 632 supremum
348 542 431 605 diem
460 543 613 618 obierint,
649 539 821 602 dicendum
850 541 905 617 sit;
932 532 1036 600 tamen
1058 539 1093 598 in
1115 540 1180 622 pri¹

140 665 197 724 mis
217 662 300 723 valet
319 658 358 720 de
378 659 434 734 iis,
460 657 515 741 qui
533 657 698 717 immatura
719 664 821 716 aetate
839 653 983 737 cognatis
1003 652 1069 715 suis
1087 664 1180 737 atque

140 776 250 838 amieis
283 773 344 835 sint
372 771 498 854 erepti,
524 779 716 854 antequam,
740 788 822 853 quae
841 767 935 830 huius
960 768 1045 829 vitae
1064 765 1179 828 haben·

141 901 213 965 tur,
245 885 409 949 commoda
445 894 661 967 gustaverant.
691 882 838 963 ,Quibus
868 882 909 943 ita
943 880 1181 965 opitulabantur

139 999 343 1086 philosophi,
370 1010 403 1061 ut
426 1019 508 1083 quae
534 1019 607 1059 vera
638 1007 719 1059 esset
739 997 822 1058 ritae
845 995 1002 1058 humanae
1023 993 1180 1071 conditio,

138 1114 348 1197 indagarent,
373 1133 508 1197 eamque
534 1120 749 1195 proponerent
780 1109 1009 1192 paucis.bonis
1042 1106 1181 1192 gauden-

140 1239 219 1303 tem,
253 1227 466 1290 abundantem
500 1247 574 1287 vero
610 1223 843 1287 calamitatibus
876 1234 907 1285 et
938 1222 1041 1285 malis.
1101 1223 1181 1284 Enu-

138 1343 303 1406 merahant
328 1340 450 1402 idcirco
474 1338 656 1414 molestias,
692 1359 776 1423 qnae
807 1337 928 1400 homini
955 1336 1032 1399 inde
1054 1336 1096 1397 ab
1119 1336 1181 1397 eins

138 1467 208 1518 ortu
226 1454 266 1516 ad
283 1464 417 1515 mortem
434 1474 536 1537 usque
554 1453 737 1529 evenirent,
758 1452 902 1529 morbos,
916 1451 1067 1526 dolores,
1088 1450 1180 1511 animi

139 1568 414 1652 perturbationes,
449 1566 555 1642 bella,
593 1565 785 1644 seditiones,
816 1576 963 1628 sexcenta
995 1564 1057 1627 alia
1079 1564 1180 1632 mala,

143 1702 225 1766 quae
254 1701 430 1764 paucorum
453 1680 628 1755 bonorum,
655 1680 771 1764 quibus
794 1679 865 1764 quis
889 1677 1044 1763 gaudeat,
1064 1677 1181 1757 jucun·

139 1793 270 1858 ditatcm
297 1794 409 1856 tollant
435 1816 574 1877 prorsus.
618 1783 712 1856 Hisce
736 1793 910 1856 rationibus
930 1793 997 1871 jam
1017 1792 1104 1876 apud
1122 1793 1181 1854 llo-

66 1924 69 1932 '
138 1929 261 1970 merum
290 1907 431 1970 Achilles
456 1906 641 1984 inducitur,
677 1907 836 1968 Priamum
862 1907 1028 1969 consolans
1058 1904 1099 1968 de
1118 1907 1181 1967 lle·

143 2022 238 2083 otoris
259 2021 366 2097 obitu,
393 2022 446 2083 uhi
467 2043 502 2082 ex
518 2021 627 2085 fabula
644 2019 684 2082 de
701 2032 840 2104 utroque
859 2020 964 2096 dolio,
991 2019 1080 2104 quod
1101 2018 1182 2082 lovis

97 2197 104 2202 ,
142 2134 256 2197 throno
286 2134 396 2211 adest,
431 2137 521 2197 cuius
553 2136 690 2197 alterum
721 2135 833 2211 maliS,
867 2133 1003 2196 alterum
1025 2134 1118 2196 bonis
1139 2143 1182 2194 est

142 2247 320 2331 repletum,
346 2269 428 2333 quae
450 2246 566 2310 deinde
592 2249 688 2311 mista
717 2249 842 2332 Jupiter
865 2247 1045 2311 hominibus
1064 2246 1180 2320 tradit,

142 2359 296 2437 ostendit,
318 2383 380 2422 non
399 2362 524 2446 integra
542 2361 661 2424 homini
679 2363 865 2447 contingere
884 2363 985 2438 hona,
999 2360 1053 2424 sed
1071 2360 1180 2424 iisdem

122 2475 276 2559 ,plurima
299 2473 437 2536 admixta
461 2497 527 2536 esse
546 2476 638 2539 mala.
675 2475 814 2538 Eandem
841 2496 971 2561 quoquo
993 2474 1179 2559 disputatio-

141 2608 232 2664 nem,
258 2599 293 2650 ut
322 2585 416 2671 supra
445 2588 599 2665 vidimus,
625 2589 841 2653 adhibuerunt
873 2589 1075 2666 Alcidamas,
1102 2591 1178 2650 Pro-

142 2701 255 2778 dicus,
279 2704 449 2796 Hegesias,
482 2724 586 2786 neque
609 2725 678 2766 eam
699 2704 904 2782 Aristoteles,
929 2705 1083 2780 Crantor,
1110 2703 1179 2764 Plu-

143 2815 273 2878 tarchus
304 2817 336 2876 in
364 2816 631 2879 consolationibus
661 2818 724 2880 suis
755 2819 1049 2902 praetermiserunt.
1093 2816 1180 2883 Valet

140 2939 246 2990 autern
275 2950 310 2991 ea
330 2929 525 3012 plurimum,
550 2941 586 2992 ut
609 2933 725 2994 rectius
747 2931 786 2993 de
813 2933 874 2993 rita
898 2931 1035 2994 humana
1051 2930 1179 3010 judice-

145 3063 234 3119 mus,
254 3063 358 3126 neque
380 3042 567 3106 defunctum
585 3043 674 3106 bonis
691 3054 811 3106 tantum
831 3045 1010 3129 privatum,
1034 3044 1089 3106 sed
1108 3045 1180 3128 plu-

144 3157 230 3217 rimis
251 3156 347 3217 etiam
365 3155 454 3216 malis
473 3165 616 3237 ereptum
640 3166 832 3240 reputemus.
859 3159 983 3221 Etenim
1001 3180 1086 3220 mors
1104 3157 1180 3241 opti-

140 3289 228 3331 mum
257 3268 324 3330 lere
352 3268 512 3352 refugium
539 3269 664 3332 videtur
691 3293 758 3333 esse
787 3273 920 3337 miseris.
935 3269 961 3358 ¹)
994 3273 1076 3335 Hine
1099 3268 1179 3356 apud

142 3392 249 3465 poetas
275 3381 325 3443 Ilii
357 3394 555 3466 queruntur,
575 3384 684 3468 'quod‘
698 3375 934 3448 immortalitate
956 3386 1098 3462 donatis,
1112 3385 1180 3448 nul-

142 3497 190 3559 lus
209 3495 285 3578 ipsis
306 3495 387 3558 adsit
407 3496 563 3559 malorum
583 3497 756 3582 luctusque
777 3497 864 3559 finis:

149 3657 351 3664 *nu-..-

175 3751 199 3813 l)
236 3752 363 3812 Longinus
387 3741 724 3819 aestat.1x.57.dtt'
752 3740 824 3826 ἡμῖν
849 3743 905 3822 μὲν
934 3747 1177 3824 ὃυςὸαιμονοῦσιν

102 3881 104 3885 “
140 3830 286 3917 α’πϋκεῖῖα)
296 3839 384 3923 λιμήν
394 3846 498 3919 κακῶν,
512 3841 527 3903 (l
543 3841 680 3920 θάνατος.
701 3858 797 3905 Pariter
808 3860 919 3922 Enripid.
934 3862 1041 3923 prpol.
1054 3876 1088 3910 vs.
1100 3858 1178 3908 1387:

343 3943 415 4006 billa
438 3970 474 4022 pr
496 3943 640 4026 nonninus
664 3945 717 4010 min
738 3951 923 4029 (landolpho

342 4045 440 4109 ,tritor
463 4045 584 4125 pta-'lutea
608 4045 744 4128 ι”ὖκτερός
767 4047 790 4110 τ’
812 4049 931 4132 tindjntn.
