2648 4844
653 340 673 399 6

144 523 178 585 in
197 522 267 584 acie
279 520 448 584 defunctos
462 518 614 596 laudavit.
639 515 829 594 Huiusmodi
848 516 1007 591 orationes
1020 515 1185 611 scripsisse

145 633 299 699 dicuntur
309 633 457 718 Gorgias,
467 626 661 716 Archinus1)
676 628 911 714 Theopompus,
919 625 945 714 ²)
959 627 1147 713 Hyperides,
1156 624 1185 712 ⁸)

144 748 332 825 Naucrates,
345 742 371 832 ⁴)
397 746 470 824 alii,
490 766 573 831 quae
596 755 701 821 tamen
719 743 870 855 temporis
889 741 1006 829 injuria
1027 741 1068 804 ad
1088 763 1186 819 unam

145 883 254 925 omnes
283 860 461 944 perierunt.
487 860 630 932 Fuemnt
649 858 744 934 etiam
766 855 820 918 alii
842 869 873 917 ct
893 854 1036 932 rhetores
1061 867 1093 931 et
1110 878 1186 930 ora-

136 985 241 1052 tores,
266 973 322 1058 qui
340 994 376 1035 ex
398 972 554 1035 industria
576 970 617 1033 de
635 969 697 1033 boc
718 970 790 1032 loco
812 980 960 1055 egerunt,
972 971 1037 1031 sive
1060 980 1095 1032 ut
1106 969 1186 1033 alios

145 1087 186 1151 de
207 1086 460 1150 necessariorum
481 1098 584 1149 morte
604 1085 714 1147 aliisve
734 1083 969 1146 calamitatibus
980 1083 1185 1147 consolaren-

145 1211 218 1280 tur,
259 1202 324 1263 sive
355 1211 392 1263 nt
424 1200 570 1262 universe
593 1197 633 1260 de
665 1195 850 1261 consolandi
889 1196 993 1261 officio
1026 1196 1185 1282 quaedam

144 1316 380 1399 praeciperent.
410 1312 541 1376 Scilicet
561 1312 690 1399 egregia
719 1310 799 1374 baec
817 1309 985 1374 videbatur
1004 1310 1186 1396 explicandi

146 1428 316 1503 oratoriam
338 1425 525 1491 facultatem
547 1425 780 1510 opportunitas,
803 1436 839 1489 ut
860 1423 900 1503 de
929 1445 1038 1499 rerum
1067 1424 1185 1507 huma,-

144 1563 259 1605 narum
280 1539 553 1619 vicissitudinibus
575 1540 788 1624 fortunaeque
808 1539 1020 1616 inconstantia
1040 1549 1183 1624 agerem,

145 1653 240 1736 Quod
251 1655 386 1718 maxime
399 1655 476 1717 fecit
485 1653 651 1732 Prodicus,
672 1653 698 1719 si
708 1652 786 1718 fides
798 1651 945 1729 habenda
956 1662 1003 1717 est
1012 1653 1166 1732 Aeschini
1172 1702 1183 1743 Ρ

144 1768 203 1854 qui
232 1768 267 1831 in
287 1767 431 1833 Axiocho
451 1768 615 1832 Socratem
636 1768 731 1845 huius
762 1766 919 1856 sophistae
945 1788 1125 1845 sermonem
1138 1767 1184 1848 ,de

145 1883 229 1946 ritae
244 1882 381 1959 miseriis
400 1883 592 1946 referentem
613 1882 748 1953 inducit.
762 1878 790 1969 ⁵)
812 1883 851 1960 ln
868 1880 919 1949 lais
939 1886 1108 1968 praeterea
1119 1905 1185 1964 me-

36 2013 44 2025 ·
144 1995 290 2062 morandi
319 2007 392 2060 sunt
419 2018 498 2081 ,cum
515 1995 702 2082 Antiphon,
733 1997 789 2082 qui
821 1995 964 2061 Corinthi
991 1996 1025 2070 in
1051 1996 1185 2073 taberna

144 2131 246 2195 prope
257 2110 363 2187 forum
382 2110 515 2195 publice
526 2111 685 2195 professus
696 2106 807 2201 τέχνην
832 2099 991 2189 silvulae,
1014 2120 1044 2172 et
1066 2110 1185 2191 libsqm

143 2220 206 2286 hoc
226 2223 355 2287 nounne
375 2225 539 2309 scripsisse
561 2223 698 2302 dicitur,
721 2234 819 2308 atque
840 2221 1039 2303 auditoribus
1061 2227 1185 2310 promi.-

144 2313 219 2413 sisse
241 2357 400 2417 sermones
421 2338 602 2422 νηπξνθρῑς,
624 2327 669 2411 ὠς
688 2325 886 2412 οὕδὲνόῧτω
907 2326 1010 2399 δεινόν
1029 2327 1186 2422 coccineos

144 2439 233 2531 ἄχος,
254 2441 272 2513 ὀ
291 2441 336 2536 μή
354 2447 456 2528 ἐξέλοι
475 2449 533 2536 τῆς
550 2439 726 2537 γνώμηςῖθ)
739 2449 1011 2529 lumAlflid‘lmast
1025 2472 1093 2537 qul,
1105 2461 1185 2526 lfflbfl

178 2641 204 2709 1)
240 2646 384 2694 Funebrem
403 2646 458 2694 eius
476 2646 616 2695 orationem
630 2645 717 2695 laudat
734 2647 806 2695 Plato
822 2648 925 2695 Menoe.
945 2664 969 2712 p.
988 2646 1088 2697 403.Α.
1104 2649 1140 2697 Cf.
1153 2648 1186 2696 dc

143 2755 175 2788 co
187 2740 359 2788 Ruhnkenius
377 2741 448 2788 Ilist.
467 2741 525 2788 crit.
541 2747 604 2808 orat.
627 2743 672 2789 Gr.
684 2742 710 2788 in
726 2741 817 2805 Opusc.
835 2742 891 2789 Vol.
909 2743 930 2804 1,
954 2759 978 2805 p.
993 2741 1053 2803 316.
1208 2739 1211 2746 '

179 2828 206 2895 2)
241 2832 320 2880 Huius
333 2835 412 2882 oratio
431 2834 549 2882 laudatur
558 2835 585 2881 in
598 2836 688 2882 funere
703 2835 807 2883 Mausoli
823 2836 890 2896 regis
905 2836 1005 2898 Cariae,
1022 2835 1053 2883 de
1069 2853 1120 2898 qua
1133 2837 1184 2885 vid.

142 2925 234 2988 Pougk
251 2925 283 2974 ds
307 2928 458 2992 Tltoopmsqri
484 2929 546 2976 otii
564 2929 619 2974 cito
636 2935 661 2976 ot
680 2944 731 2976 scr.
752 2944 777 2992 p.
795 2926 836 2976 bb.
855 2930 892 2976 cf.
904 2929 1023 2978 Wicbers
1035 2930 1187 2994 Theopompi

145 3019 208 3068 etit
222 3021 324 3086 fragm.
341 3037 365 3085 p.
386 3021 417 3070 11
435 3038 492 3085 sqq.

176 3109 204 3176 3)
239 3114 285 3160 llic
301 3114 328 3160 in
347 3115 435 3177 primis
450 3114 566 3162 dicendis
579 3114 738 3162 orationibus
754 3115 906 3163 funebribus
918 3117 1059 3165 laudatura
1071 3119 1186 3179 Longino

142 3205 174 3254 do
188 3206 298 3254 mettim.
310 3207 377 3255 sect.
397 3205 439 3257 34.
456 3209 493 3256 Cf.
507 3208 596 3271 Toupii
610 3207 642 3255 ad
657 3208 684 3257 b.
699 3207 716 3255 l.
733 3210 865 3257 annotatio
885 3226 910 3274 p.
925 3209 987 3258 212.
1006 3198 1184 3273 fragmentum

142 3299 238 3362 legitur
257 3301 324 3364 apud
341 3301 410 3350 Stob.
428 3302 492 3351 Flor.
511 3308 529 3350 t.
546 3301 612 3364 124,
628 3301 662 3350 36
687 3303 731 3350 nd.
748 3304 825 3352 Gaisl.

178 3390 204 3456 4)
240 3394 296 3442 Vid.
305 3395 376 3443 Ilion.
385 3395 470 3458 llalyc.
480 3396 506 3443 in
513 3397 577 3444 Arte
584 3397 659 3444 ntes.
670 3413 693 3444 c.
702 3395 718 3444 6
729 3397 771 3444 cni
781 3397 873 3444 titulus
885 3403 924 3446 est
935 3384 1071 3466 μέθοδος
1081 3389 1184 3451 ἐπιτα-

143 3473 230 3558 φίων,
245 3488 289 3536 ubi
299 3489 368 3536 hunc
384 3494 412 3536 et
427 3498 526 3538 ceteros
541 3490 617 3538 modo
631 3489 746 3538 laudatos
763 3491 865 3552 egregia
882 3491 910 3538 in
930 3493 979 3540 boc
996 3508 1090 3554 genere
1100 3510 1185 3542 exem-

141 3581 183 3644 plu
199 3580 297 3630 dedisse
314 3581 432 3632 affirmat.
460 3584 497 3632 Cf.
522 3583 646 3632 lleursius
670 3585 751 3633 Lectt.
768 3585 859 3633 Ata-t.
878 3585 920 3646 IV.
937 3601 960 3633 c.
981 3585 998 3633 4
1018 3592 1045 3635 et
1062 3588 1185 3636 Ruhnke-

140 3674 199 3723 nius
209 3677 254 3740 Op.
272 3675 289 3725 l.
306 3691 330 3739 p.
341 3673 400 3725 36⁷.

174 3764 200 3831 5)
236 3769 328 3820 Aescb.
352 3770 489 3818 Amostae
511 3787 534 3818 c.
557 3768 582 3818 7.
610 3771 656 3818 cn.
671 3771 712 3820 (ll.
733 3771 794 3821 Geel
821 3773 890 3821 Hist.
905 3775 967 3829 ortt
985 3774 1060 3837 Sept.
1080 3774 1107 3829 iu
1124 3774 1182 3823 Act.

140 3861 196 3910 Soc.
217 3863 289 3930 Troj.
306 3863 333 3910 P.
354 3864 387 3911 11.
405 3862 496 3928 p.130
519 3869 546 3913 et
559 3860 609 3912 135
626 3879 682 3930 sqq.
709 3865 832 3915 Welclser
851 3867 983 3929 Proditus
1001 3882 1056 3915 vom
1070 3869 1140 3926 Keqs
1157 3885 1183 3932 p.

138 3953 198 4004 608.
219 3971 275 4020 sqq.
788 3975 791 3981 ’

172 4043 199 4108 st
235 4049 308 4097 vua.
329 4050 396 4098 alus.
425 4052 473 4098 m.
490 4054 520 4099 s.
540 4054 622 4099 oran.
646 4068 671 4115 p.
693 4051 745 4099 asa
764 4055 789 4100 c.
810 4054 976 4118 pharetratae
992 4032 1048 4115 ie.
1065 4057 1140 4118 sepo.
1161 4059 1182 4105 r.
