2648 4844
657 345 711 392 VIII

171 516 261 576 lione
277 511 429 576 discendi
443 532 603 587 amorem,
622 533 642 571 o
657 511 848 594 patrojam
864 512 1066 582 excitatum,
1084 511 1200 587 oleret,
1225 510 1227 514 ’

170 650 419 725 corroboraret,
430 646 666 729 confirmaret:
680 648 742 710 ille
753 651 990 732 potissimum,
1007 653 1067 734 qui
1081 672 1205 710 sereno-

171 775 375 865 nilue'euiffi
399 772 747 850 adhortationilueet
767 787 925 850 coneiliie
949 809 1000 849 me
1021 787 1067 848 od
1089 790 1158 849 rite
1173 800 1202 848 et

166 924 422 1010 percipiendam
442 939 626 1009 paternam
658 927 902 1010 disciplinam,
932 924 962 989 et
979 925 1113 986 colenda
1132 938 1207 986 etu-

148 1063 230 1128 dia
248 1063 450 1127 Academica
462 1077 616 1147 pararet.
641 1064 732 1127 Huic
744 1031 861 1150 igitur
876 1040 962 1150 quid
977 1075 1206 1148 quantumque

170 1198 360 1281 debuerim,
385 1224 560 1288 nunquam
587 1203 770 1265 obliviecar
778 1229 790 1279 3
821 1201 879 1264 eed
899 1204 1112 1286 gratissima
1138 1202 1205 1261 erit

170 1342 261 1404 milti
274 1364 403 1424 semper
421 1343 660 1427 quadriennii,
676 1345 715 1404 in
734 1345 807 1405 eiue
823 1341 1011 1424 disciplina
1029 1353 1060 1402 et
1078 1361 1208 1401 concuc-

171 1478 290 1542 tudine
304 1484 459 1563 peracti,
485 1480 697 1558 reeordatio3
720 1484 823 1565 patri
846 1494 961 1543 autem
980 1480 1207 1541 dilectissimo

170 1615 210 1678 id
223 1641 353 1702 semper
370 1634 542 1703 acceptum
560 1618 726 1705 referam,
746 1619 834 1705 quod
849 1619 928 1681 leuic
937 1618 1116 1702 praeclaro
1132 1618 1207 1677 ciro

170 1757 423 1820 instituendum
437 1781 488 1820 me
507 1758 703 1820 tradiderit.

216 1895 377 1981 Peractis
401 1910 516 1960 autem
543 1893 726 1980 Gpmnarii
746 1896 894 1965 etudiie.
924 1893 969 1956 ad
987 1893 1206 1956 Academiam

75 2030 78 2036 ’
164 2035 459 2120 progredientem,
481 2050 629 2120 paterno
655 2058 706 2098 me
724 2039 850 2119 recepit
874 2034 991 2098 domuc
1007 2047 1037 2095 et
1063 2035 1204 2095 coritae.

169 2171 430 2237 Jucundieeima
452 2174 608 2261 profecto
632 2178 723 2239 citae
756 2196 846 2237 meae
867 2197 975 2258 pare,
1011 2196 1079 2259 qua
1095 2171 1207 2234 illiue

162 2309 248 2396 srui
268 2314 509 2390 inetitutione,
536 2314 639 2376 illiue
664 2314 817 2400 quotidie
842 2337 1029 2392 cormones,
1054 2314 1205 2387 monita,

167 2442 317 2531 'coneilio
342 2455 506 2534 accipere,
539 2452 643 2514 illiue
669 2453 711 2515 al
734 2475 789 2515 ore
800 2453 946 2537 pendere
972 2451 1062 2513 milei
1081 2450 1207 2512 licuit!

172 2587 257 2651 Tum
277 2585 367 2652 enim
387 2593 425 2652 in
439 2594 596 2674 primic,
616 2592 716 2677 quali
729 2592 917 2678 gauderem
940 2604 1066 2675 patre,
1092 2589 1208 2676 qualis

118 2786 120 2788 .
170 2742 383 2815 quantusque
407 2733 480 2792 eiue
506 2751 587 2815 erga
616 2730 739 2793 liberos
757 2743 851 2793 'eeeet
877 2752 974 2792 amor
1002 2743 1033 2793 et
1055 2732 1204 2805 coritae,

172 2868 272 2952 quale
289 2869 363 2953 ejus
379 2868 555 2947 studium,
578 2883 618 2933 ut
638 2870 684 2932 ad
699 2892 815 2933 ceram
837 2882 905 2932 noe'
912 2868 1128 2954 felicitatem
1147 2867 1208 2930 ad-

171 3006 323 3086 duceret,
344 3011 489 3094 cognovi.
521 3005 613 3072 Nam
629 3031 733 3094 quum
749 3008 979 3094 intelligeret,
996 3007 1145 3070 multum
1164 3006 1210 3068 ad

164 3146 330 3233 suturam
349 3151 440 3210 citae
463 3150 633 3210 rationem
641 3148 776 3234 facere,
804 3148 880 3210 hene
906 3170 950 3209 an
972 3146 1061 3208 male
1088 3158 1207 3208 trane-

173 3300 288 3349 actum
312 3300 395 3350 eeeet
412 3283 613 3350 Academiae
629 3291 799 3371 epatium,
828 3291 900 3371 ipee
918 3286 1033 3350 ducem
1059 3286 1155 3351 nobie
1175 3311 1209 3348 ee

169 3429 371 3509 praestitit,
395 3448 492 3512 quem
505 3430 543 3488 in
558 3426 706 3489 calendie
722 3427 851 3489 etudiie
867 3448 1090 3512 sequeremur,
1117 3427 1208 3512 Quo-

173 3569 266 3627 circa
282 3588 346 3627 non
365 3579 503 3628 tantum
522 3566 699 3628 auxilium
717 3567 807 3629 milei
822 3569 860 3628 in
880 3567 1074 3630 tractandis
1093 3568 1209 3630 litorio

170 3704 349 3788 praebuit,
362 3707 517 3767 animum
528 3704 777 3789 despondentem
795 3708 903 3768 creuit
914 3757 921 3784 ,
931 3706 1145 3790 petulantem
1159 3728 1209 3768 re-

169 3845 302 3927 preeeit
309 3869 322 3923 3
337 3866 454 3907 oerum
466 3846 571 3908 etiam
581 3894 589 3922 ‚
600 3868 702 3930 neque
715 3845 825 3907 labori
833 3866 996 3929 pareone,
1015 3868 1118 3930 neque
1130 3859 1209 3909 tem

173 3985 269 4065 pori,
302 3985 400 4046 cuiue
420 3987 635 4069 caeteroquin
660 3985 726 4046 illo
745 3989 887 4068 parcior
909 4007 1003 4048 nemo
1026 3985 1120 4066 fuit,
1142 4005 1209 4065 pu-
