2648 4844
646 337 688 399 59

141 533 250 586 autem
259 519 447 606 Cyrenaicos
458 518 618 581 censuisse
636 530 756 596 mouet,
769 539 833 580 uon
845 518 929 580 omni
942 518 1025 579 malo
1041 518 1182 602 aegritu·

141 635 251 699 dinem
271 633 375 711 effici,
398 631 453 695 sed
472 632 568 695 unice
588 632 749 715 insperato
772 642 803 694 et
824 631 1014 716 necopinato
1033 632 1116 694 malo
1131 680 1139 709 ,
1154 629 1179 717 1)

142 762 241 834 atque
262 749 306 811 ita
327 747 401 810 satis
423 745 571 809 babuisse
601 745 634 807 in
664 744 857 808 consolando
884 744 1070 823 ostendere,
1101 744 1182 808 nihil

141 862 298 947 inopinati
320 860 483 925 accidisse.
494 856 520 945 ²)
546 860 656 940 Quum
676 860 761 921 enim
789 859 884 922 vitam
905 858 1050 922 riderent
1072 858 1183 921 multis

144 976 313 1040 obnoxiam
348 975 456 1050 malis,
489 971 893 1057 praemeditari-docebant
911 974 994 1057 ipsas
1014 972 1182 1035 calamita-

145 1103 203 1169 tes,
224 1102 261 1153 ut
273 1110 312 1152 ne
329 1100 437 1174 postea
454 1087 618 1171 inopinato
637 1086 844 1164 accedentes,
866 1087 1093 1170 perturbarent
1115 1087 1183 1147 arri-

143 1227 233 1267 mum
252 1225 289 1266 ao
311 1202 421 1266 dolore
440 1201 613 1264 afficerent.
650 1200 837 1265 Efficiebant
856 1211 963 1264 autem
985 1200 1072 1277 hinc,
1102 1200 1183 1262 mala

144 1316 301 1402 opinionis
316 1337 393 1393 esse,
407 1337 470 1379 nou
484 1327 627 1378 naturae.
637 1310 662 1400 3)
677 1314 756 1379 Nam
771 1315 796 1375 si
808 1315 942 1384 eandem
958 1314 1182 1389 calamitatem,

144 1454 209 1517 qua
228 1428 407 1506 afficimur,
436 1429 530 1493 modo
561 1428 680 1492 malum
702 1429 857 1507 dicimus,
888 1429 964 1514 quia
994 1429 1184 1512 necopinato

143 1544 274 1622 eccidit,
297 1542 391 1607 modo
410 1544 529 1605 malum
552 1563 619 1605 esse
648 1564 822 1628 negamus,
854 1544 975 1628 quippe
997 1564 1066 1606 eam
1088 1564 1184 1626 prae-

144 1657 300 1735 meditati,
332 1656 475 1720 dilucide
494 1655 570 1719 binc
601 1657 782 1742 Cyrenaicis
814 1667 923 1741 patere
952 1656 1120 1719 ridebatur
1151 1657 1184 1717 in

145 1772 293 1856 opinione
316 1782 458 1848 tantum,
488 1791 552 1833 non
579 1778 653 1835 rer'o
680 1771 713 1832 in
741 1781 854 1833 natura
880 1771 982 1855 posita
1005 1792 1072 1833 esse
1089 1770 1183 1833 mola.

143 1886 289 1969 Cumque
310 1885 458 1947 universe
480 1884 580 1969 magis
597 1887 817 1969 voluptatum,
835 1906 931 1970 quam
954 1884 1071 1948 doloris
1082 1883 1185 1947 babe-

145 2010 217 2062 rent
236 1999 414 2075 rationem,
438 1998 534 2061 buius
556 1999 620 2060 rim
641 2021 699 2083 per
719 1999 791 2061 illas
811 1998 1052 2063 diminuendam
1071 2019 1185 2061 cense-

144 2113 233 2176 bant.
268 2112 374 2195 lpsam
392 2124 500 2175 autem
522 2113 619 2176 vitam
638 2113 759 2175 nullius
779 2113 875 2197 pretii
891 2096 1068 2189 habebant,
1094 2134 1185 2176 mor-

145 2239 277 2310 temque
299 2246 402 2310 aeque
425 2247 462 2289 oc
484 2226 582 2290 vitam
604 2225 835 2312 expetendam,
868 2248 932 2312 qua
954 2227 994 2290 de
1017 2248 1051 2289 re
1073 2226 1185 2290 Cicero

144 2339 269 2425 insigne
289 2339 379 2402 nobis
399 2341 533 2403 servarit
552 2341 751 2424 exemplum,
791 2362 940 2419 narrans,
954 2416 955 2419 Ἴ
969 2339 1184 2416 Theodorum,

145 2475 247 2538 quum
277 2454 307 2515 ei
336 2453 539 2539 Lysimachus
571 2477 624 2517 rex
656 2475 787 2523 crucem
816 2454 1016 2532 minaretur,
1048 2452 1183 2515 dixisse:

146 2566 265 2646 „istis,
298 2590 439 2653 quaeso,
466 2569 525 2631 ista
544 2568 710 2632 horribilia
729 2569 876 2632 minitare
894 2568 1078 2654 purpuratis
1100 2568 1183 2645 tuis;

145 2679 304 2744 Theodori
328 2681 459 2768 quidem
480 2682 525 2743 nil
547 2682 697 2761 interest,
730 2682 862 2746 humine
892 2705 931 2746 an
958 2683 1096 2745 sublime
1123 2703 1183 2766 pu·

146 2793 339 2882 treseat.”⁴)
375 2797 489 2881 Itaque
512 2817 614 2881 quum
642 2798 688 2860 sie
717 2797 757 2860 de
786 2808 887 2860 morte
920 2797 1121 2882 cogitarent,
1151 2797 1184 2858 iu

146 2909 417 2976 consolationibus
440 2933 510 2975 eam
534 2933 641 2997 neque
657 2912 796 2988 malum,
817 2911 1184 2996 nequebonum,ueque

145 3023 217 3087 ideo
237 3025 409 3109 lugendam
429 3026 575 3090 statuisse
596 3024 761 3102 ridentum
782 3032 892 3088 utrum
913 3045 988 3088 vero
1004 3022 1100 3087 iidem
1116 3023 1184 3085 ani-

146 3158 234 3200 mum
257 3159 409 3224 quoque,
434 3152 470 3203 ut
491 3141 667 3224 Epicurus,
691 3161 766 3211 cum
788 3159 923 3222 corpore
945 3137 1121 3222 exstingui,
1143 3158 1182 3200 an

145 3271 220 3313 vero
250 3251 463 3318 immortalem
490 3256 691 3330 censuerint,
725 3275 801 3336 prae
829 3253 1035 3339 antiquorum
1057 3250 1117 3316 bac
1144 3251 1184 3314 de

147 3387 180 3428 re
202 3366 329 3431 silentio
351 3367 500 3430 affirmari
519 3368 641 3453 nequit.
657 3364 681 3452 ⁵)
786 3403 788 3409 ι

168 3527 267 3536 ...e-..-
273 3530 319 3536 .-.--
328 3531 349 3537 ..t-

180 3612 206 3677 1)
241 3617 293 3666 Cic.
311 3619 386 3669 Ture.
406 3620 435 3677 Q.
455 3617 548 3669 111.13
564 3617 645 3669 otta.
670 3619 740 3667 Idem
754 3619 878 3684 placuisse
891 3618 1022 3680 Carneadi,
1039 3620 1128 3665 auctor
1143 3620 1183 3664 ert

146 3708 212 3759 rut.
230 3699 297 3781 περὶ
312 3696 460 3780 εὐθυμίας
481 3728 505 3775 p.
523 3710 573 3759 474
585 3712 610 3761 r.

180 3800 206 3865 a)
242 3803 293 3853 cic.
310 3805 374 3854 rota.
392 3803 437 3855 111.
449 3804 490 3855 31.
586 3847 590 3854 ,

179 3893 206 3956 3)
240 3898 306 3949 Ibid.
323 3897 422 3950 111.15.

180 3987 206 4051 4)
241 3991 306 4042 Ibid.
323 3993 342 4043 l.
360 3991 401 4042 43.

180 4081 206 4146 5)
243 4086 297 4135 Vid.
315 4087 447 4149 Wyttexrb.
465 4089 541 4151 Πίῳ.
559 4087 591 4135 dc
609 4103 649 4138 an.
668 4089 774 4137 immort.
795 4103 818 4150 p.
832 4084 884 4134 632
899 4103 936 4148 sq.
