2648 4844
706 310 747 371 18

206 516 270 574 eos,
283 498 340 580 qui
352 505 439 557 metu
450 495 559 555 mortis
575 492 787 576 augebantur,
803 490 948 552 infelices
967 510 1000 550 se
1018 499 1090 572 post
1106 499 1241 552 mortem

205 612 350 686 futuros,
383 628 520 692 eamque
547 626 705 677 summum
724 604 845 666 malum
866 603 1031 667 ducentes.
1049 591 1158 679 Ἔνιοι,
1180 605 1240 680 ait,

204 721 326 806 θνιχιῆς
352 710 486 804 φύσεως
512 706 657 780 διάλυσιν
683 706 741 779 οὐκ
766 705 892 786 εἰδότες
915 705 1103 800 ἄνθρωποι,
1139 733 1241 778 συνεμ
1311 756 1313 760 ⁷

204 821 297 916 δὴσει
321 828 358 893 δὲ
382 829 440 914 τῆς
468 825 500 891 ἐν
525 828 574 909 τῷ
598 825 662 909 βίῳ
690 816 998 913 κακοπραγμοσύνης
1017 817 1073 890 seir
1094 826 1152 912 τῆς
1172 828 1241 905 βιο-

202 941 261 1025 τῆς
281 930 396 1027 χρόνον
417 936 450 1002 ἐν
469 941 627 1024 ταραχαῖς
641 937 694 1000 καὶ
712 927 833 1025 φόβοις
842 936 1103 1023 ταλαιπωροῦσι,
1114 926 1242 1021 ψεύδεα

203 1049 283 1136 περὶ
303 1049 363 1114 τοῦ
383 1040 466 1129 μετὰ
485 1040 543 1134 τήν
562 1040 710 1134 τελευτήν
735 1045 1044 1129 μυθοπλαστέοπες
1072 1036 1200 1132 χρόνον.
1214 1045 1240 1133 1)

203 1162 440 1225 Adhortabatur
467 1163 562 1224 etiam
584 1183 656 1237 eos,
676 1160 792 1244 quide
812 1162 984 1223 senectutis
1003 1161 1138 1222 miseriis
1158 1182 1241 1245 que-
1258 1236 1262 1253 Ι

203 1277 378 1354 rebantur,
412 1277 517 1359 iisque
542 1273 606 1337 hoc
627 1275 775 1337 solatium
795 1273 988 1358 praebebat,
1008 1273 1096 1357 quod
1118 1276 1240 1337 etiamsi

204 1391 345 1473 vigorem
363 1411 403 1450 ac
422 1387 696 1471 pulchritudinem
718 1385 955 1464 desiderarent,
989 1409 1072 1471 quae
1086 1387 1239 1468 jurentu-

204 1503 243 1564 tis
260 1512 363 1563 esseut
386 1502 536 1584 propria,
559 1513 666 1563 tamen
687 1502 754 1562 seni
775 1482 898 1563 adesset
918 1500 1106 1584 prudentia,
1128 1514 1240 1585 quaet

204 1616 268 1677 suis
297 1616 393 1677 rebus
424 1614 539 1676 melius
572 1615 754 1697 prospicere
780 1624 812 1675 et
833 1613 903 1676 aliis
926 1614 1060 1677 consilio
1078 1637 1117 1677 ac
1135 1614 1241 1699 digni·

203 1739 267 1790 tate
294 1728 446 1812 opitulari
463 1738 577 1810 posset.
612 1728 818 1790 Senectutem
838 1738 1001 1809 praeterea
1012 1727 1076 1789 frui
1088 1729 1240 1794 memoria

204 1862 312 1903 rerum
334 1852 495 1925 gestarum
518 1852 549 1903 et
569 1852 739 1923 perceptae
758 1839 951 1922 voluptatis,
967 1838 1106 1925 ideoque
1120 1840 1241 1922 juven-

204 1955 264 2016 tuti
288 1952 529 2037 praeferendam
552 1975 637 2031 esse,
658 1975 761 2038 quum
771 1955 932 2016 incertum
951 1955 1008 2030 sit,
1030 1975 1107 2016 num
1114 1953 1241 2034 juvenis

202 2065 242 2130 ad
271 2087 420 2151 magnam
441 2077 652 2150 perventurus
672 2069 712 2130 sit
731 2077 878 2132 aetatem.
913 2078 940 2138 0
960 2070 1063 2159 γέρων
1083 2071 1155 2145 νέος
1175 2069 1241 2156 ἐγέ.

203 2197 286 2241 sero·
308 2167 328 2241 ὁ
350 2175 387 2241 δὲ
408 2176 493 2257 νέος,
518 2169 652 2263 ἄδηλον,
676 2175 706 2241 εἰ
727 2175 761 2250 ἐς
781 2179 882 2265 γῆρας
892 2174 1054 2268 ἄφίξεται·
1071 2176 1110 2247 τό
1120 2181 1242 2247 estesse

203 2284 260 2360 οὖν
292 2287 418 2381 ἀγαθόν
443 2297 503 2361 τοῦ
529 2295 717 2379 μέλλοντος,
746 2295 778 2362 εἰ
807 2299 862 2362 καὶ
889 2291 1020 2387 ἀδήλου,
1053 2298 1239 2389 npfooor.²)

203 2410 406 2493 Praecepisse
436 2411 531 2473 etiam
564 2410 604 2473 de
636 2412 745 2475 exsilio
775 2413 934 2496 quaedam
962 2414 1108 2493 videtur,
1134 2437 1241 2500 ¹quum

203 2521 367 2605 praeclara
393 2521 473 2585 haec
503 2523 572 2605 ejus
599 2526 755 2587 sententia
787 2526 828 2587 ab
859 2527 999 2611 antiquis
1027 2541 1240 2592 memoretur:

203 2624 297 2719 ἀνδρὶ
323 2634 423 2720 σοφῷ
450 2634 543 2698 πᾶσα
569 2635 608 2722 γῆ
635 2626 728 2721 deira·
756 2637 867 2724 ψυχῆς
888 2630 949 2725 γὰρ
973 2631 1101 2726 ἀγαθῆς
1121 2640 1242 2729 πατρὶς

203 2745 221 2815 ὁ
243 2741 374 2831 ξύμπας
394 2742 560 2843 κόσμοςλ)
585 2759 666 2821 Sunt
689 2759 909 2844 eriguahaec,
928 2782 1010 2845 quae
1021 2761 1240 2825 Democritum

203 2870 243 2933 de
266 2872 482 2936 consolatione
504 2875 664 2935 monuisse
683 2895 719 2934 ex
732 2873 800 2935 eius
812 2873 997 2958 fragmentis
1010 2874 1135 2938 efficere
1146 2876 1238 2955 licet;

202 3007 280 3049 num
305 3008 380 3050 vero
399 2987 485 3050 idem
502 2987 582 3050 hacc
602 2985 829 3069 philosophicis
848 2986 1117 3070 disputationibus
1138 2991 1240 3073 magis

135 3243 138 3257 '
234 3266 260 3332 1)
296 3251 365 3319 son
392 3271 460 3319 nor.
487 3271 526 3318 tn.
556 3269 623 3333 120,
652 3271 694 3319 ao,
722 3268 816 3319 nauem
838 3273 891 3319 sere
907 3272 970 3320 haec
988 3273 1115 3321 sensenna
1127 3274 1240 3322 occurro

199 3364 276 3412 etiam
295 3365 334 3412 tit.
352 3364 403 3428 98,
418 3363 461 3412 61.
480 3366 569 3412 (11111.
585 3362 620 3426 4,
636 3363 668 3411 75
684 3371 711 3412 et
729 3363 771 3413 81.

234 3454 260 3520 2>
296 3459 360 3506 Ibid.
378 3459 418 3506 tit.
433 3457 497 3519 115,
513 3456 546 3506 19
558 3463 585 3505 et
599 3457 641 3505 21.
668 3458 712 3505 His
729 3458 856 3506 contrariu
872 3458 1117 3520 quaedameiusdem
1127 3461 1240 3523 philoso-

199 3551 242 3614 phi
259 3551 381 3613 leguntur
404 3551 442 3598 tit.
466 3549 531 3615 116,
551 3550 582 3598 41
603 3556 630 3598 et
645 3549 694 3613 45,
720 3552 764 3599 ubi
783 3554 923 3600 senectutis
939 3552 1003 3599 mala
1019 3554 1105 3600 refert.
1125 3554 1240 3603 Fortasse

199 3645 268 3692 bisce
286 3660 347 3693 usus
362 3650 401 3692 est
416 3645 447 3691 ad
462 3645 628 3693 consolandos
644 3660 700 3707 eos,
720 3646 765 3708 qui
781 3644 874 3692 liberos
886 3646 978 3709 puerili
990 3652 1073 3693 aetate
1087 3653 1169 3694 morte
1178 3649 1239 3696 ami-

198 3747 302 3801 serunt,
322 3745 351 3786 ut
369 3740 490 3802 doceret,
508 3740 623 3786 infelices
638 3755 681 3787 eos
696 3757 746 3787 non
765 3756 818 3787 esse
830 3741 1024 3803 praedicandos,
1040 3741 1239 3803 quodseneetu-

198 3833 229 3878 tis
246 3835 356 3880 miserias
370 3834 535 3893 aufugissent

231 3927 256 3987 3)
295 3904 356 3973 lbirf.
384 3928 423 3974 tit.
448 3926 495 3988 40,
521 3927 544 3973 7,
572 3929 606 3974 bs
632 3933 780 3991 paupertate
801 3934 904 3990 quoqne
919 3930 1046 3977 monuisse
1066 3929 1183 3992 videtur,
1208 3935 1237 3976 ut

196 4031 299 4084 apparot
313 4037 342 4067 rr
357 4022 516 4082 fragmentis,
537 4038 602 4082 quoe
615 4023 724 4070 ser'vavit
741 4023 862 4069 Stobaeuo
881 4023 920 4071 tit.
933 4021 981 4084 43,
999 4021 1048 4084 42,
1058 4024 1097 4070 tit.
1111 4022 1176 4086 108,
1193 4022 1235 4070 70.
