2648 4844
143 473 226 539 nihil
246 495 278 536 se
298 473 392 551 scire,
420 473 475 536 sed
495 477 598 537 omnia
619 497 655 538 er
678 477 747 539 aliis
769 480 940 562 accepisse,
958 479 1183 563 profiteretur,

147 569 390 653 Prodici'affert
409 609 569 651 sermones
591 588 631 651 de
650 591 743 653 variis
770 592 852 654 vitae
875 591 1031 656 humanae
1053 593 1187 656 calami

143 703 274 766 tatibus.
311 702 450 764 Puerum
468 702 571 778 enim,
594 701 727 765 simulac
747 715 838 767 natus
855 705 911 782 sit,
935 705 1072 789 plorare,
1092 709 1185 792 quasi

143 837 241 901 aegre
259 836 292 877 se
313 824 420 877 natum
439 815 539 892 ierat,
562 836 634 878 mor
658 837 731 878 eum
759 818 895 880 cruciari
918 819 1057 905 frigore,
1081 831 1182 898 aestu,

143 929 300 1014 penuria3
331 939 452 1011 septem
472 950 546 991 vero
568 951 666 991 annos
686 940 795 993 natum
817 932 1010 1018 paedagogis
1030 946 1060 996 et
1083 936 1183 1019 magi-

143 1044 218 1106 stris
240 1041 343 1120 tradi,
364 1043 422 1127 qui
445 1054 652 1127 tyrannorum
675 1044 773 1107 instar
795 1046 900 1128 ipsum
922 1058 1085 1131 premant;
1105 1049 1181 1111 ado-

143 1156 278 1219 lescenti
294 1176 391 1240 porro
414 1154 538 1219 adstare
557 1157 763 1235 criticorum,
788 1147 1043 1243 geometrarum,
1068 1183 1182 1225 censo-

144 1293 217 1334 rum
246 1290 362 1355 agmen
392 1280 423 1332 et
455 1281 599 1349 senatum
621 1272 804 1357 Areopagi,
837 1274 917 1358 qui,
956 1275 1126 1359 quominus
1150 1298 1183 1338 se

144 1384 278 1447 liberius
298 1392 407 1467 gerat,
431 1405 504 1446 eum
526 1384 717 1469 impediunt.
750 1387 839 1465 Mor,
863 1387 946 1449 virili
964 1400 1067 1451 sumta
1086 1399 1181 1475 toga,

143 1498 226 1561 vitae
246 1517 345 1582 genus
365 1517 432 1558 esse
465 1498 670 1583 eligendum,
704 1521 741 1562 ac
775 1500 890 1563 deinde
918 1501 1120 1566 militandum
1151 1516 1182 1566 et

143 1612 276 1674 vulnera
306 1610 494 1694 accipienda
521 1623 619 1697 atque
640 1613 779 1676 infinitos
807 1614 931 1677 labores
965 1616 1181 1681 erairtlandoa.

144 1727 292 1810 Denique
322 1724 476 1788 accedere
503 1738 719 1805 senectutem,
747 1727 932 1792 clanculum
953 1731 1182 1813 obrepentem,

143 1861 228 1926 quae
247 1838 351 1916 mala,
387 1839 504 1924 quibus
531 1853 658 1905 ceterae
677 1865 695 1905 a
717 1863 750 1905 se
769 1842 905 1906 invicem
923 1843 1076 1907 differunt
1093 1854 1183 1907 acta-

141 1967 212 2032 tes,
235 1954 269 2015 in
291 1973 324 2015 se
344 1954 487 2016 continet
510 1956 630 2034 omnia,
652 1939 812 2042 quisque,
836 1945 893 2020 udis
913 1945 958 2043 μή
979 1976 1028 2028 τις
1049 1955 1182 2035 θᾶσσον,

143 2059 189 2139 ὠς
215 2062 329 2152 χρέος,
363 2055 514 2149 ἀποδιδῷ
539 2058 578 2131 sd
606 2065 677 2154 ζῆν,
711 2060 756 2140 ὠς
784 2056 995 2149 ὀβολσσσάπς
1023 2062 1183 2130 ἐπιστᾶσα

142 2166 341 2264 ἐνεχυράζει,
364 2176 461 2242 τοῦτο
483 2175 541 2259 μὲν
563 2168 657 2265 ὄψιν,
679 2178 776 2243 τοῦτο
794 2169 951 2264 divitioris,
975 2166 1130 2250 πολλάκις
1146 2175 1183 2240 dd

144 2279 262 2374 ἄμφω·
285 2280 343 2351 κᾶν
364 2286 510 2373 inspicies]
531 2310 595 2366 τις,
618 2285 810 2374 παρέλυσεν,
834 2277 1030 2374 ἐλωβήσατο,
1046 2275 1182 2372 ἱπσρὴρ-

141 2396 326 2486 domnam).
374 2401 456 2465 Deos
479 2402 563 2485 ipsos
588 2422 685 2483 porro
704 2401 849 2484 exemplo
872 2422 945 2463 cum
967 2397 1126 2466 Cleobidis
1149 2409 1180 2459 et

176 2706 202 2770 1)
238 2711 372 2772 Wyttenb.
390 2713 503 2762 Dissert.
521 2712 551 2760 ds
566 2721 670 2761 auctore
683 2714 747 2761 libri
764 2713 944 2778 depressorum
959 2713 1030 2764 educ.
1049 2712 1075 2761 in
1089 2712 1181 2778 Opusc.

140 2803 161 2850 1.
173 2819 198 2867 p.
208 2801 269 2868 478,
288 2806 437 2870 scriptorem
453 2807 558 2854 Axioehi
573 2822 628 2870 cap.
645 2806 671 2867 7,
687 2805 704 2855 8
720 2813 746 2854 et
761 2807 786 2870 9,
806 2809 850 2856 ubi
866 2809 897 2856 de
916 2809 982 2856 vitae
997 2809 1183 2856 calamitatibus

142 2897 211 2960 agit,
233 2904 350 2946 secutum
366 2882 421 2948 esse
440 2900 552 2947 Teletem
568 2900 707 2962 existimat,
735 2901 808 2947 cuius
818 2901 895 2948 verba
909 2901 977 2964 apud
994 2902 1129 2954 stobaeum
1143 2903 1182 2974 tit.

140 2989 185 3052 98,
200 2989 234 3038 72
249 2991 379 3054 leguntur.
413 2993 468 3041 Pari
490 3009 550 3042 vero
562 2994 622 3057 jure
644 2993 733 3056 quaeri
751 2970 845 3056 possit,
871 2994 976 3041 Telemo
994 2992 1100 3040 Axiochi
1119 2994 1184 3040 scri·

139 3090 240 3150 plorem
254 3091 357 3134 secutus
372 3087 413 3135 sit.
432 3088 456 3134 Si
472 3089 540 3135 enim
550 3088 684 3136 imitatoris
696 3094 744 3150 est,
761 3103 810 3150 res,
827 3103 890 3150 quas
902 3087 1027 3150 imitetur,
1042 3086 1125 3134 verbis
1141 3102 1183 3133 or-

140 3195 222 3242 nare,
239 3180 351 3228 Teletem
365 3181 465 3229 diceres
480 3182 613 3229 Aeschinis
629 3182 797 3243 imitatorem,
813 3182 908 3245 quippe
924 3182 997 3228 cuius
1013 3180 1185 3228 oratiomulto
1226 3234 1229 3240 ⁴
1271 3183 1274 3185 ’

140 3273 253 3320 ornatior
266 3275 460 3336 sententiaeque
474 3276 553 3337 magis
567 3275 707 3322 concinnae
724 3274 783 3324 sint.
796 3304 828 3313 -
847 3275 945 3322 Acerbe
955 3280 1042 3322 autem
1060 3290 1089 3322 ac
1108 3275 1181 3322 nullo

135 3364 197 3429 jure
214 3367 362 3414 Meinersius
378 3368 395 3417 1.
411 3369 427 3418 1.
448 3384 471 3431 p.
492 3367 532 3418 40.
552 3369 578 3415 in
596 3367 749 3414 Aeschinem
765 3367 911 3430 invehitur,
928 3367 997 3429 quod
1019 3368 1081 3414 baec
1097 3369 1182 3416 Socra·

139 3466 193 3507 tem
211 3461 340 3509 dicentem
356 3462 433 3523 lecit,
452 3463 547 3526 quippe
564 3477 636 3525 quem
652 3460 821 3507 nihilonimus
837 3460 945 3522 decoret,
964 3476 1039 3523 quam
1056 3459 1182 3524 sqrhiata·

139 3556 296 3602 ruminetur
309 3557 390 3602 sitam
405 3556 544 3619 deplorare.
571 3556 626 3603 lion
650 3553 718 3602 eninr
740 3554 836 3601 desua
856 3568 962 3617 persona
974 3554 1021 3602 ‘sed
1037 3569 1067 3601 ex
1082 3553 1181 3600 Prodici

138 3649 266 3696 sententia
281 3650 345 3697 haec
361 3650 466 3712 profert.
484 3649 604 3696 Similiter
614 3648 771 3711 Phaedrum,
787 3649 960 3712 Phaedonem,
977 3647 1104 3709 Gorgiam,
1119 3647 1182 3694 aiios
1220 3659 1226 3670 ·

138 3742 252 3804 dialogos
262 3743 360 3790 Platoni
374 3743 543 3806 abjudicares‚
560 3744 620 3806 quia
633 3743 659 3789 in
673 3743 718 3790 illo
735 3743 839 3805 quidem
858 3743 972 3790 Socrates
986 3740 1106 3788 adversus
1115 3756 1182 3788 amo·

139 3851 193 3884 rem
212 3836 344 3900 disputans
361 3836 506 3898 inducitur,
532 3836 601 3898 quod
617 3836 648 3883 ab
664 3837 719 3882 eius
735 3835 919 3883 consuetudine
934 3849 1056 3898 perquam
1069 3834 1181 3882 alienum

139 3929 207 3991 luit,
234 3931 262 3977 iu
286 3930 326 3977 his
345 3946 403 3977 sero
421 3930 518 3978 fabulas
536 3929 567 3976 de
588 3930 665 3976 animi
684 3936 740 3991 post
766 3935 873 3976 mortem
899 3928 1045 3976 conditione
1070 3930 1180 3991 profert,

138 4037 202 4084 quas
220 4024 246 4070 in
261 4024 305 4072 lib.
323 4025 368 4072 111.
385 4024 458 4073 Polit.
471 4025 497 4070 in
514 4023 595 4086 poetis
610 4038 686 4084 quam
705 4024 808 4071 inarime
824 4022 996 4086 reprehendit.
