2648 4844
662 319 725 391 148

175 494 216 587 dr)
237 499 291 565 καὶ
313 489 660 583 ἐπιθυμηιικόνεὸὀοι,
681 486 1017 582 ὀιαφυγόνπονηρᾳὺς
1032 485 1213 575 δεσπότας,

173 601 212 674 τό
239 607 276 675 dd
303 600 480 694 λογιστικόν
507 594 668 675 ἀπολαύοι
695 595 749 669 διὰ
774 603 833 691 τῆς
859 594 973 690 ὅψεως
993 603 1052 691 τῆς
1072 598 1156 675 κατὰ
1176 599 1214 671 τό

173 708 290 792 κάλλος
311 709 435 806 ἡδονῆς.
475 719 578 781 Senex
599 717 699 802 igitur
718 739 837 801 purum
858 717 951 780 illum
972 717 1070 787 animi
1095 729 1214 782 statum

175 833 318 917 recipere
341 842 466 915 potest,
492 853 593 917 quum
611 831 773 915 voluptate
789 852 859 895 -nou
881 829 1017 914 amphus
1039 831 1081 895 ab
1101 830 1213 895 officiis

173 945 352 1029 studiisque
368 957 538 1020 avocetur,
559 955 656 1028 atque
674 944 718 1006 ita
735 944 802 1006 eius
820 943 961 1007 conditio
980 944 1082 1008 multo
1099 946 1213 1008 melior

172 1080 210 1121 ac
230 1059 354 1120 felicior
372 1069 418 1120 est
437 1056 601 1136 habenda,
626 1079 723 1143 qnam
740 1057 931 1138 juventutis.
961 1058 1109 1121 Alterum
1131 1080 1213 1143 quo-

172 1192 237 1256 que
261 1183 508 1256 argumentum,
533 1181 665 1255 propter
687 1170 774 1256 quod
799 1171 898 1255 vulgo
916 1193 950 1233 se
970 1173 1127 1239 miserum
1147 1195 1213 1237 esse

172 1295 265 1368 putat
291 1305 409 1367 senex,
443 1285 517 1370 quie
547 1305 663 1367 nempe
683 1295 748 1349 tam
773 1285 916 1367 proxime
941 1284 1066 1349 ahesla
1087 1297 1212 1364 morte,

72 1454 77 1466 ,
171 1398 291 1481 pariter
322 1398 527 1482 philosophi,
560 1408 596 1460 ut
627 1397 888 1461 commendarent
911 1408 1133 1477 senectutem,
1158 1399 1213 1463 ad·

83 1581 91 1591 .
172 1504 359 1576 hihuerunt.
400 1512 478 1575 llam
508 1511 593 1573 enim
619 1532 683 1572 non
705 1508 802 1573 finem
831 1510 1000 1574 dicendam
1023 1533 1091 1574 esse
1106 1513 1211 1591 vitae,

100 1672 114 1699 ,
171 1623 227 1687 sed
248 1627 354 1707 potius
374 1625 502 1690 initium
524 1646 563 1689 ao
581 1624 682 1687 veluti
704 1624 804 1686 limen
822 1609 995 1695 felicitatis.
1025 1625 1213 1691 Conducere

174 1737 258 1816 epim
281 1760 350 1805 eam
366 1738 407 1802 ad
426 1739 592 1805 meliorem
611 1738 728 1815 vitam,
754 1736 810 1800 ubi
832 1761 895 1802 una
915 1739 1033 1802 erimus
1053 1761 1128 1803 cum
1149 1741 1212 1803 Diis

171 1861 203 1929 et
223 1849 374 1915 heroibus
397 1873 575 1936 corumque
596 1852 741 1926 fruemur
763 1851 922 1930 amicitia,
947 1863 979 1925 el
1000 1853 1102 1917 multa
1122 1854 1214 1919 nohis

172 1964 390 2042 innotescent,
424 1986 507 2050 quae
536 1964 590 2028 hic
623 1965 758 2028 obscura
790 1976 985 2035 manserunt.
1032 1966 1213 2068 Plurimum

171 2087 279 2139 autem
310 2077 390 2141 haee
416 2090 624 2162 argumenta,
658 2089 693 2141 ut
722 2078 817 2141 facile
847 2079 1062 2164 intelligitur,
1086 2083 1211 2169 valent,

174 2199 335 2274 ptaegra
365 2212 454 2252 mens
480 2192 512 2253 in
544 2191 713 2275 pristinum
743 2202 860 2254 statum
889 2191 1087 2272 reducatur,
1111 2216 1212 2279 quum

171 2301 303 2384 eadem,
334 2325 417 2388 quae
444 2304 540 2388 vulgo
571 2315 725 2387 tanquam
753 2304 836 2379 mala
869 2305 1063 2381 considerari
1090 2307 1210 2387 solent,

171 2415 239 2485 seni
269 2415 455 2481 conducere·
479 2427 710 2500 proponantur.
746 2417 793 2493 lle
822 2399 956 2494 caeteris
981 2431 1092 2491 autem¹
1115 2414 1211 2506 arguss

172 2529 306 2606 mentis,
342 2529 459 2613 quibus
487 2528 742 2613 praejudicatas,
771 2541 835 2593 tam
858 2530 897 2597 de
920 2532 1035 2607 exsilio,
1053 2553 1155 2618 quam
1172 2534 1212 2599 de

172 2652 354 2718 senectute,
371 2643 534 2726 opiniones
548 2642 675 2717 auferre
690 2642 883 2719 studuerunt
895 2644 1094 2729 philosophi,
1110 2669 1211 2732 quum

172 2754 287 2825 similia
316 2754 384 2815 fere
414 2755 476 2819 sint
506 2755 565 2831 iis,
592 2753 708 2838 quibus
732 2757 781 2832 usi
798 2768 871 2833 spart
890 2758 924 2821 in
935 2760 1212 2836 consolationihus

172 2865 212 2947 de
231 2878 354 2946 morte,
380 2867 459 2933 nihil
489 2868 542 2935 hic
573 2865 755 2944 addendum
776 2881 843 2948 est,
869 2892 972 2954 quum
992 2871 1096 2953 fusius
1116 2896 1212 2960 supra
1264 2911 1265 2914 κ

171 2979 211 3059 de
230 2982 267 3043 iis
290 2980 536 3045 disseruerimus
