2648 4844
633 352 695 412 129

140 551 218 613 pore
235 549 299 591 non
316 528 548 612 exstinguitur,
566 530 621 593 sed
639 533 733 609 vivit,
747 532 859 595 melior
875 544 943 596 tum
960 535 1027 598 eius
1044 537 1183 602 conditio
1247 619 1249 621 Ι

140 645 220 720 erit,
245 664 344 727 quum
363 643 504 726 corporis
524 644 658 706 vinculis
675 644 847 722 liberatus,
872 668 935 709 non
946 648 1080 732 amplius
1092 652 1182 735 cupi·

140 756 292 820 ditatibus
324 767 354 819 et
384 756 517 818 miseriis
533 755 736 831 detineatur,
761 757 816 821 sed
834 760 902 843 ipse
923 781 981 844 per
1000 782 1032 822 se
1052 763 1181 840 uirens,

141 870 266 947 studia,
298 890 383 954 quae
416 871 449 933 in
474 871 536 932 vita
569 870 728 946 coluerit,
765 871 919 956 perficere
947 877 1055 957 possit.
1098 879 1183 941 Haec

140 985 249 1048 autem
277 996 465 1069 argumenta
493 986 519 1047 si
542 978 722 1048 accuratius
739 986 1022 1070 perpenderimus,
1046 991 1183 1054 multum

141 1099 271 1162 omnino
303 1097 409 1160 valere
436 1097 629 1161 videbuntur
660 1098 698 1160 ad
731 1101 911 1182 opinionem
942 1101 1050 1182 illam,
1086 1125 1182 1188 quarn

140 1213 295 1288 diximus,
319 1210 547 1275 auferendam:
572 1211 612 1274 ad
633 1212 838 1275 minuendam
866 1235 940 1277 vcro
960 1214 1060 1299 ipsam
1079 1220 1183 1303 aegri·

141 1327 302 1402 tudinem,
326 1347 439 1408 parum
462 1336 534 1388 sunt
553 1336 636 1410 apta.
672 1327 750 1389 Nam
777 1328 802 1390 si
833 1348 928 1412 quem
958 1330 990 1391 in
1021 1333 1181 1413 parentis,

142 1440 217 1519 filii,
243 1441 291 1502 vel
311 1441 404 1502 amici
425 1449 529 1505 morte
545 1441 589 1503 ita
599 1440 788 1518 consolaris,
807 1452 842 1504 ut
853 1440 961 1520 dicas,
979 1465 1070 1522 eum,
1092 1446 1183 1511 cuius

139 1555 264 1618 obitum
293 1555 420 1637 lugeat,
456 1575 520 1615 noa
540 1553 623 1615 male
644 1575 678 1615 se
702 1553 841 1631 habere,
866 1556 952 1639 quod
975 1578 1068 1622 sensu
1090 1581 1181 1644 pror·

140 1661 201 1732 sus'
215 1677 340 1743 careat,
364 1666 451 1729 haud
473 1646 538 1730 scio
558 1667 625 1729 eius
642 1667 765 1730 luctum
783 1670 883 1752 magis
903 1691 1038 1753 augeas,
1065 1694 1105 1733 an
1123 1675 1183 1735 mi-

140 1805 229 1846 nuas.
264 1779 349 1862 Quid
377 1781 461 1842 enim
489 1791 653 1864 parentem
685 1781 785 1866 magis
815 1783 995 1860 cruciabit,
1032 1805 1128 1869 quam
1158 1788 1183 1848 si

141 1894 263 1971 filium,
287 1895 378 1958 cuius
397 1896 561 1978 ingenium
585 1895 730 1958 excolere
743 1906 774 1958 et
796 1896 933 1958 formare
948 1898 1108 1976 animum,
1127 1921 1183 1984 per

141 2019 239 2071 totam
257 2009 371 2083 vitam,
392 2007 570 2085 studuerit,
595 2030 660 2070 uno
682 2007 859 2093 eodemque
879 2019 1022 2095 tempore
1046 2013 1184 2076 nonsibi

140 2132 264 2184 tantum
285 2131 450 2205 creptum,
476 2121 530 2184 sed
552 2123 637 2184 omni
652 2143 766 2199 sensu,
785 2124 870 2185 omni
890 2124 951 2186 vita
976 2123 1181 2205 destitutum,

139 2235 364 2320 vermibusque
382 2245 484 2298 totum
502 2235 655 2299 traditum
671 2235 803 2312 viderit,
822 2246 858 2299 ut
874 2249 944 2320 post
960 2260 1077 2322 paucos
1095 2261 1183 2301 men·

140 2370 187 2411 ses
216 2349 296 2412 nihil
327 2351 465 2412 omnino
487 2347 526 2411 de
549 2350 714 2412 carissimo
733 2349 836 2432 capite
854 2351 1093 2434 superfuturum
1118 2354 1184 2416 sitt

138 2462 224 2543 Quid
241 2464 326 2539 viro,
343 2465 400 2548 qui
416 2464 449 2525 in
460 2464 522 2526 rita
534 2461 567 2525 id
584 2463 678 2525 unice
697 2463 800 2547 egerit
811 2510 820 2539 ‚
833 2474 869 2526 ut
880 2464 1029 2526 virtutem
1042 2466 1182 2544 coleret,

138 2588 170 2639 et
191 2577 287 2652 boni,
308 2575 409 2658 justi,
438 2577 503 2638 veri
529 2577 693 2660 principiis
726 2577 866 2639 animum
894 2600 985 2640 suum
1005 2578 1182 2659 imbueret,

140 2710 280 2774 eumque
308 2691 412 2773 pravis
440 2681 592 2753 liberaret
620 2687 871 2774 cupiditatibus,
908 2691 986 2776 quid
1008 2691 1054 2753 illi
1082 2694 1183 2777 magis

139 2804 346 2868 metuendum
379 2816 445 2881 est,
480 2826 577 2888 quam
606 2826 711 2882 mom,
748 2826 831 2888 quae
861 2807 964 2868 omnia
989 2807 1055 2868 eius
1081 2806 1183 2870 studia

139 2917 329 3003 vigiliasque
340 2918 445 2980 inania
464 2916 600 2980 reddet?
623 2919 709 2980 Haec
728 2927 834 2979 autem
847 2918 1008 3000 cogitatio,
1022 2916 1183 2983 hominem

139 3044 209 3116 post
220 3043 355 3094 mortem
366 3033 399 3093 in
411 3031 546 3094 nibilum
560 3030 681 3115 redigi,
703 3029 842 3106 scelestis
862 3030 994 3115 quidem
1011 3031 1184 3094 corisolatio

139 3167 206 3208 esse
224 3157 349 3230 potest,
375 3146 430 3230 qui
450 3156 518 3207 tum
537 3144 710 3227 injustitiae
728 3165 802 3208 suae
822 3155 854 3207 et
874 3144 1084 3229 improbitatis
1105 3165 1184 3229 poe-

139 3281 193 3322 nas
216 3281 249 3321 se
271 3269 342 3344 post
360 3269 495 3320 mortem
513 3280 575 3320 non
596 3257 730 3322 luituros
750 3252 962 3335 arbitrantur3
989 3258 1043 3320 sed
1060 3259 1183 3337 justum

139 3375 242 3436 virum
275 3394 336 3434 rron
365 3383 467 3456 potest
499 3394 561 3434 non
592 3371 717 3455 penitus
751 3391 949 3434 commovere
977 3382 1008 3432 et
1038 3371 1182 3448 efficere,

139 3497 174 3549 ut
193 3487 332 3549 nonnisi
352 3507 467 3570 magno
488 3484 597 3548 dolore
610 3478 758 3561 etmetu,
778 3504 810 3544 se
827 3484 994 3546 mortalem
1012 3505 1098 3561 esse,
1118 3505 1184 3547 me-

138 3599 277 3664 minerit.
319 3601 414 3663 Cuius
437 3600 483 3662 rei
507 3599 713 3661 acerbitatem
739 3608 775 3661 ut
802 3597 966 3660 auferrent
984 3579 1183 3682 philosophi,
1205 3648 1209 3663 ,

138 3724 274 3776 mortem
297 3735 370 3776 cum
391 3735 499 3775 somno
519 3722 762 3797 compararunt,
782 3711 837 3796 qui
859 3711 954 3773 nullis
973 3712 1099 3773 somniis
1116 3723 1183 3775 tur·

139 3827 246 3892 batur.
286 3827 328 3889 At
357 3847 432 3888 vero
456 3825 534 3910 quid
556 3827 716 3888 insomne
743 3824 837 3888 dulce
862 3834 926 3900 cst,
961 3824 1184 3910 nisiexpcrgi-

138 3930 248 4004 scendi
267 3939 356 4003 adest
377 3934 480 4024 spes?
496 3941 533 4002 In
550 3950 652 4001 morte
668 3949 793 4016 autem,
811 3960 884 4001 cum
900 3937 956 4000 illa
967 3935 1182 4018 desideretur,

134 4054 271 4134 ¹iucundi
302 4054 380 4117 nihil
411 4055 514 4132 inest,
550 4052 604 4114 sed
630 4053 773 4134 ¹jacemus
805 4052 884 4135 ligni
905 4051 952 4122 vel
976 4054 1040 4116 saxi
1065 4053 1180 4128 instar,
