2648 4844
624 340 654 384 ΧΙ

118 514 305 584 reputans,
335 523 468 562 susnmo
498 524 574 564 eum
600 504 774 586 foolrsptate
797 505 960 590 legebam,
984 533 1066 592 quae
1085 513 1158 593 ipse

118 653 153 706 et
170 638 221 703 W
216 637 452 722 ytlenlsaclsius
468 640 507 701 de
524 645 764 726 aretiquorum,
781 646 819 706 iu
831 648 963 727 primis
979 645 1159 725 Platonis,

117 777 159 839 de
174 776 294 839 diuina
310 791 440 841 natura
457 778 558 864 deque
580 785 693 843 ursioni
716 783 985 847 immortalitate
1001 785 1159 848 doctrina

118 919 332 992 monuerint,
355 929 395 978 ut
421 939 485 1001 quo
510 914 572 990 illi
596 921 635 980 in
656 923 884 1004 grauissimis
908 921 987 983 illis
1006 923 1155 1005 placitis

118 1056 256 1116 ratione
291 1076 354 1116 sua
390 1058 643 1137 pervenissent,
672 1061 892 1141 perspicuum
932 1061 1022 1123 milei
1042 1057 1156 1143 ¹fieret.

121 1191 255 1254 Eadem
284 1215 411 1277 quoque
432 1216 552 1256 caussa
575 1200 804 1279 quaestionem
826 1198 928 1260 illam
951 1197 989 1260 de
1008 1200 1142 1261 console

122 1335 213 1394 tione
241 1331 420 1394 admodum
441 1333 532 1395 milri
551 1328 806 1399 commendabat.
830 1334 1000 1400 Noveram
1021 1342 1112 1400 enim
1128 1353 1158 1402 et

121 1492 311 1553 acceperam
330 1493 351 1532 a
371 1476 516 1550 toneris,
528 1484 616 1558 quae
634 1475 820 1559 religionis
833 1476 1054 1541 Christianae
1073 1491 1157 1540 esset
1234 1562 1237 1567 .

121 1613 160 1671 in
180 1609 393 1672 corssolandis
414 1614 554 1672 miseris
574 1626 604 1674 et
633 1612 787 1675 lenienda
817 1615 1037 1700 aegritudine
1055 1638 1158 1699 prae-
1206 1642 1215 1649 ·

121 1751 283 1812 stantia.-
304 1753 518 1812 accuratiore
534 1750 662 1813 idcireo
680 1751 926 1837 disquisitione
945 1753 1157 1838 dignissima

123 1887 301 1950 uidebatur
316 1892 484 1972 quaestio,
509 1889 595 1974 quid
615 1890 676 1952 tae
698 1895 734 1952 in
755 1914 792 1953 ro
806 1895 1045 1974 praestitisset
1065 1893 1160 1953 areti-

123 2050 190 2111 qua
206 2027 440 2110 philosophia,
463 2050 610 2112 quaeque
629 2031 741 2111 ipsius
760 2044 866 2092 esseut
889 2033 927 2090 in
944 2033 1158 2114 grauissimo

124 2165 181 2228 too
205 2166 273 2228 loco
292 2168 427 2229 merita.

168 2304 266 2391 Quod
293 2305 476 2368 consili-um
496 2330 571 2369 cum
593 2307 822 2369 dilectissimo
840 2322 943 2390 patre
975 2312 1162 2370 communi—

123 2447 237 2537 canti,
261 2457 398 2507 tantum
419 2445 556 2523 aberat,
582 2459 619 2507 ut
644 2468 714 2507 rem
724 2445 958 2522 dissuaderet,
982 2460 1021 2509 ut
1044 2468 1094 2508 me
1117 2446 1162 2509 od

123 2581 364 2667 perficiendum
386 2587 491 2647 stiam
512 2599 613 2668 atque
636 2588 743 2648 etiam
766 2588 939 2648 incitaret.
984 2587 1159 2670 Quumque

86 2725 89 2730 ’
125 2722 242 2785 deinde
259 2721 541 2816 disquisitionem
558 2745 668 2786 meam
689 2747 754 2786 non
769 2746 916 2806 prorsus
937 2724 1158 2809 displicuisse

125 2864 215 2924 ciris
239 2861 460 2930 Clarissimis
479 2865 697 2944 accepissem,
727 2862 789 2924 ille
817 2862 907 2922 milti
930 2877 1050 2925 auctor
1061 2862 1159 2946 fuit,

112 2969 113 2973 Ἰ
125 3014 163 3064 ut
181 2998 330 3078 candem,
342 3000 498 3062 secundis
513 3003 609 3063 curis
621 3000 842 3076 submissam,
857 2999 992 3083 publiea
1003 2999 1158 3083 desende-

127 3163 204 3202 rem.
240 3139 337 3225 Quod
359 3163 393 3201 co
411 3140 582 3203 lubentius
596 3138 786 3224 faciebam,
818 3162 923 3225 quum
938 3140 1020 3223 jam
1048 3141 1161 3221 ipsius
1207 3223 1210 3228 ι

125 3279 260 3342 auxilio
271 3292 302 3341 et
314 3279 472 3340 consiliis
487 3277 750 3362 mefruiturum
765 3303 831 3340 esse
847 3300 1026 3361 sperarem.
1049 3275 1164 3362 Neque

124 3441 197 3502 spes
218 3440 270 3479 me
282 3415 428 3501 fefellit,
454 3416 699 3481 Imbecillitati
719 3422 809 3479 enlm
831 3440 920 3478 moue
941 3437 1159 3493 succurrens,

126 3558 293 3641 explicuit
312 3570 343 3619 et
362 3559 505 3619 removit
517 3556 756 3644 difficultates,
781 3558 885 3619 lucem
905 3551 1033 3636 effiodit
1050 3554 1163 3616 obscu-

127 3700 200 3774 ris,
232 3695 425 3779 crebrisque
458 3696 667 3758 sermonibus
696 3695 735 3756 id
762 3692 886 3776 effecit,
923 3707 976 3769 ot,
1011 3691 1096 3776 quid
1126 3693 1164 3753 de

126 3835 421 3919 arsllqucrumlmc
434 3838 471 3897 in
491 3857 528 3896 re
539 3834 669 3897 studiis
688 3847 772 3895 esset
790 3832 1024 3909 statuendum,
1049 3835 1163 3917 magis

127 3974 368 4059 intelligerem.
404 3972 583 4050 Attamen,
609 3972 698 4058 quod
718 3974 832 4055 ipsius
849 3974 1019 4054 arospiciis
1035 3975 1164 4053 incepe-
