2648 4844
633 341 691 401 111

139 523 297 584 ferentem
316 501 441 598 animo,
458 521 661 585 consolatur.
697 520 841 583 Primum
861 520 961 604 igitur
984 541 1036 585 eos
1060 521 1185 607 vitupe-

140 645 210 712 rat,
236 635 293 718 qui
311 634 429 697 amicos
448 654 515 696 sese
536 644 659 696 nostros
681 631 924 717 praedicantes,
942 633 1113 699 nobiscum
1134 635 1185 700 lu·

140 758 253 834 geant,
276 767 382 832 neque
402 746 519 824 lenire,
537 744 592 809 sed
615 747 720 831 potius
742 767 861 831 augere
880 746 1025 811 dolorem
1041 760 1187 813 nostrum

141 860 312 939 studeant;
347 872 509 945 praestare
531 881 623 936 vero,
644 870 679 922 ut
698 859 863 923 dicamus:
892 850 986 925 oridia
1012 857 1187 935 πέπονθας

140 965 258 1051 decade,
282 965 320 1036 ἂν
341 964 386 1060 μή
407 970 588 1059 προσποιῇ.
622 955 844 1037 Calamitatum
863 975 969 1051 enim,
994 974 1039 1037 sic
1058 974 1183 1059 pergit,

140 1098 294 1171 tauquam
318 1106 452 1150 onerum
477 1087 683 1152 examinanda
705 1099 779 1150 sunt
800 1087 962 1172 pondera,
987 1087 1075 1173 quod
1096 1088 1121 1149 si
1138 1089 1185 1150 ie·

140 1203 279 1265 cerimus
310 1202 344 1263 in
375 1201 506 1279 exsilio,
542 1203 690 1286 opinione
712 1202 801 1280 sola,
825 1224 888 1265 non
910 1224 987 1265 sero
1015 1213 1128 1267 natura
1152 1201 1186 1266 id

140 1337 222 1409 esse¹
240 1315 361 1377 malum
390 1314 522 1398 patebit.
568 1315 630 1378 Sed
659 1337 835 1400 ponamus,
858 1317 1006 1378 exsilium
1027 1338 1093 1379 esse
1116 1329 1185 1379 reni

140 1429 255 1492 duram
278 1439 308 1491 et
331 1448 478 1512 gravem3
507 1429 541 1491 in
562 1429 642 1493 cibis
669 1451 762 1507 vero,
788 1430 813 1492 si
844 1429 924 1514 quid
949 1452 1095 1493 amarum
1114 1441 1183 1509 est,
1261 1426 1272 1439 '

140 1540 220 1627 quid
237 1541 387 1627 agimus?
411 1563 515 1605 nonne
537 1541 634 1606 dulce
656 1542 736 1628 quid
757 1543 794 1605 iis
817 1542 1049 1622 admiscemus,
1075 1555 1111 1606 ut
1130 1542 1186 1607 de·

141 1656 296 1740 pellamus
329 1654 600 1720 amaritudinem?
633 1657 703 1720 Hoc
722 1657 799 1719 item
820 1648 854 1718 iri
874 1656 972 1719 malis
985 1656 1183 1722 faciendum

140 1768 330 1854 Reputanda
360 1780 433 1833 sunt
461 1769 563 1847 hona,
599 1791 683 1854 quae
715 1770 807 1832 nobis
838 1769 975 1849 adsunt,
1000 1768 1185 1856 horumque

141 1885 170 1945 vi
198 1883 256 1946 illa
286 1895 360 1946 sum
387 1882 570 1947 minuenda.
613 1883 684 1946 Duo
716 1904 788 1946 vasa
817 1884 849 1945 in
876 1885 950 1946 aula
981 1894 1055 1946 sunt
1075 1884 1183 1962 doris,

141 1997 231 2060 rnalis
262 1998 420 2074 alterum,
454 1997 593 2059 alterum
625 1997 718 2060 bonis
749 1998 930 2081 repletum,
955 2018 1094 2082 quorum
1116 2018 1183 2061 nou

139 2111 283 2195 Jupiter,
304 2109 358 2173 sed
382 2131 437 2172 nos
459 2111 518 2194 ipsi
537 2131 647 2173 sumus
666 2122 871 2196 quaestores,
897 2123 933 2174 ut
956 2133 1020 2174 nou
1038 2122 1183 2195 separata

140 2224 222 2287 mala
256 2225 444 2307 lugeamus,
469 2222 524 2286 sed
546 2224 636 2287 bonis
660 2236 885 2308 temperemus.
931 2224 984 2288 Sic
1006 2235 1113 2288 autem
1135 2223 1183 2289 la·

140 2337 292 2401 ciendum
312 2338 344 2398 in
367 2336 426 2414 iis,
462 2358 546 2421 quae
570 2315 647 2399 vere
674 2338 756 2400 mala
786 2347 880 2416 sunta
906 2311 948 2400 ea¹
976 2357 1073 2416 rere,
1097 2359 1185 2422 quae

139 2453 223 2514 mala
233 2449 400 2528 videntur,
413 2471 518 2536 neque
540 2461 633 2529 sunt,
659 2451 841 2514 accuratius
869 2463 943 2514 sunt
962 2451 1184 2518 examinanda.

140 2566 176 2627 In
199 2564 248 2626 his
263 2575 310 2626 est
332 2563 488 2628 exsilium.
523 2558 643 2629 Natura
663 2565 766 2642 enim,
791 2576 827 2628 ut
848 2565 893 2628 ait
908 2565 1034 2644 Aristo,
1060 2566 1183 2629 nullam

140 2679 230 2743 nobis
259 2677 347 2740 dedit
378 2676 527 2755 domum,
564 2679 686 2743 nullam
711 2679 867 2763 patriam,
902 2679 958 2742 sed
989 2678 1071 2742 fiunt
1102 2679 1185 2743 tales

140 2791 334 2876 possessione
356 2790 518 2857 diuturna.
556 2780 622 2857 oin
642 2781 832 2876 Ἀθηναῖος,
857 2782 934 2856 οὐδὲ
949 2784 1071 2878 Ἕλλην,
1093 2793 1185 2857 dioec·

139 2905 195 2969 bat
224 2898 407 2983 Socrates,⁸
427 2894 510 2967 ἄλλο
529 2891 664 2982 κόσμιος
687 2896 770 2980 εἰμὶ·
793 2893 912 2987 ταύτης
937 2901 995 2988 τῆς
1021 2902 1185 2991 πατρίδος

140 3009 216 3081 οἷ’τε
253 3008 370 3104 φυγὰς,
410 3005 487 3080 οὔτε
523 3010 652 3091 gison,
673 3002 749 3076 οὕτε
782 3002 988 3090 diloricatis,
1026 3005 1112 3078 ὅπου
1142 3002 1183 3079 τὰ

139 3119 219 3192 αὐτὸ
246 3127 329 3215 πῦρ,
358 3120 463 3212 ὕδωρ,
492 3115 569 3212 dle,
600 3113 753 3210 ἄρχοντες
781 3121 814 3188 οἱ
835 3114 929 3188 αὐτοὶ
949 3121 1005 3187 καὶ
1025 3121 1184 3212 διοικηταὶ

107 3315 112 3326 x
138 3245 193 3310 καὶ
214 3236 401 3335 πρυτάνεις,
430 3237 533 3333 ἣλιος,
561 3233 694 3330 σελήνη,
719 3233 921 3330 φώσφορος*
949 3235 999 3317 εἲς
1024 3242 1062 3308 δὲ
1087 3247 1184 3326 βασι-

139 3361 215 3440 λεὺς
240 3364 294 3429 καὶ
320 3356 454 3452 ἅρχων,
472 3354 569 3439 Θεὸς,
599 3350 700 3448 ἀρχὴν
720 3381 756 3423 τε
778 3358 832 3423 καὶ
853 3359 938 3441 μέσα
959 3360 1013 3425 καὶ
1034 3356 1184 3450 τελευτήν

140 3472 222 3560 ἔχων
241 3478 301 3541 τοῦ
323 3467 453 3550 παιτὸς.
477 3475 563 3562 Quid
574 3474 675 3560 igitur
687 3474 799 3558 luges,
819 3472 907 3558 quod
930 3495 993 3536 non
1012 3474 1045 3536 in
1065 3475 1182 3558 patria,

140 3590 195 3653 sed
214 3588 367 3654 Sardibus
385 3589 533 3654 habites?
567 3588 699 3652 eandem
718 3589 764 3651 ihi
787 3588 914 3665 lunam,
950 3587 1067 3665 solem,
1105 3610 1183 3652 oae-

141 3716 208 3767 tera
230 3704 336 3782 vides;
362 3716 474 3768 natura
498 3727 553 3767 uos
576 3705 691 3766 liberos
714 3713 745 3764 et
765 3702 884 3764 solutos
905 3702 1003 3779 lecit,
1029 3723 1084 3764 nos
1107 3724 1181 3765 vero

141 3828 263 3904 uosmet
288 3816 484 3881 devincimus
502 3830 587 3881 etur
605 3817 759 3902 arigustiis
791 3814 1024 3908 concludimus.
1059 3815 1182 3897 Quodsi

143 3942 229 3994 recle
245 3932 350 4000 omnia
367 3931 624 4008 consideramus,
641 3930 715 4009 illc,
736 3929 792 4014 qui
806 3950 902 3991 unam
919 3928 1031 3991 urbem
1049 3929 1184 4010 incolit,
1198 3913 1204 3921 ’

142 4045 255 4128 hospes
267 4055 314 4106 est
325 4045 356 4105 in
369 4045 520 4121 caeteris,
545 4063 650 4128 neque
664 4042 788 4125 justum
800 4051 968 4120 censetur,
979 4063 1036 4106 sua
1049 4043 1181 4119 relicta,
