<?xml version="1.0" encoding="UTF-8"?>
<!DOCTYPE html PUBLIC "-//W3C//DTD XHTML 1.0 Transitional//EN"
    "http://www.w3.org/TR/xhtml1/DTD/xhtml1-transitional.dtd">
<html xmlns="http://www.w3.org/1999/xhtml" xml:lang="en" lang="en">
 <head>
  <title>
</title>
<meta http-equiv="Content-Type" content="text/html;charset=utf-8" />
  <meta name='ocr-system' content='tesseract 3.04.00' />
  <meta name='ocr-capabilities' content='ocr_page ocr_carea ocr_par ocr_line ocrx_word'/>
</head>
<body>
  <div class='ocr_page' id='page_1' title='image "./diatribeinlocum00heusgoog_0227.png"; bbox 0 0 2648 4844; ppageno 0'>
   <div class='ocr_carea' id='block_1_1' title="bbox 671 301 734 364">
    <p class='ocr_par' dir='ltr' id='par_1_1' title="bbox 671 301 734 364">
     <span class='ocr_line' id='line_1_1' title="bbox 671 301 734 364; baseline 0.063 -4"><span class='ocrx_word' id='word_1_1' title='bbox 671 301 734 364; x_wconf 80' lang='lat'><strong>126</strong></span> 
     </span>
    </p>
   </div>
   <div class='ocr_carea' id='block_1_2' title="bbox 178 477 1224 2616">
    <p class='ocr_par' dir='ltr' id='par_1_2' title="bbox 178 477 1224 2616">
     <span class='ocr_line' id='line_1_2' title="bbox 223 477 1223 566; baseline 0.001 -23"><span class='ocrx_word' id='word_1_2' title='bbox 223 481 382 564; x_wconf 81' lang='lat' dir='ltr'><strong>Explicita</strong></span> <span class='ocrx_word' id='word_1_3' title='bbox 402 489 507 543; x_wconf 86' lang='lat' dir='ltr'><strong>autem</strong></span> <span class='ocrx_word' id='word_1_4' title='bbox 530 477 737 563; x_wconf 86' lang='lat' dir='ltr'><strong>aegritudinis</strong></span> <span class='ocrx_word' id='word_1_5' title='bbox 759 480 906 555; x_wconf 88' lang='lat' dir='ltr'><strong>notione,</strong></span> <span class='ocrx_word' id='word_1_6' title='bbox 932 479 1116 558; x_wconf 83' lang='lat' dir='ltr'><strong>rideamus,</strong></span> <span class='ocrx_word' id='word_1_7' title='bbox 1145 481 1223 566; x_wconf 89' lang='lat' dir='ltr'><strong>quid</strong></span> 
     </span>
     <span class='ocr_line' id='line_1_3' title="bbox 182 576 1224 679; baseline -0.001 -21"><span class='ocrx_word' id='word_1_8' title='bbox 182 596 241 673; x_wconf 91' lang='lat' dir='ltr'><strong>sit,</strong></span> <span class='ocrx_word' id='word_1_9' title='bbox 270 576 413 679; x_wconf 87' lang='lat' dir='ltr'><strong>quidque</strong></span> <span class='ocrx_word' id='word_1_10' title='bbox 439 596 583 676; x_wconf 82' lang='lat' dir='ltr'><strong>spectare</strong></span> <span class='ocrx_word' id='word_1_11' title='bbox 602 592 716 655; x_wconf 89' lang='lat' dir='ltr'><strong>debeat</strong></span> <span class='ocrx_word' id='word_1_12' title='bbox 735 592 919 657; x_wconf 86' lang='lat' dir='ltr'><strong>consolatio.</strong></span> <span class='ocrx_word' id='word_1_13' title='bbox 955 590 1075 672; x_wconf 70' lang='lat' dir='ltr'><strong>Sodroi</strong></span> <span class='ocrx_word' id='word_1_14' title='bbox 1095 596 1224 679; x_wconf 88' lang='lat' dir='ltr'><strong>proprie</strong></span> 
     </span>
     <span class='ocr_line' id='line_1_4' title="bbox 181 703 1223 793; baseline 0 -19"><span class='ocrx_word' id='word_1_15' title='bbox 181 709 266 792; x_wconf 84' lang='lat' dir='ltr'><strong>idem</strong></span> <span class='ocrx_word' id='word_1_16' title='bbox 282 717 386 785; x_wconf 84' lang='lat' dir='ltr'><strong>notat,</strong></span> <span class='ocrx_word' id='word_1_17' title='bbox 406 716 503 791; x_wconf 89' lang='lat' dir='ltr'><strong>atque</strong></span> <span class='ocrx_word' id='word_1_18' title='bbox 514 705 711 784; x_wconf 81' lang='lat' dir='ltr'><strong>sublevare,</strong></span> <span class='ocrx_word' id='word_1_19' title='bbox 726 703 751 793; x_wconf 87' lang='lat'><strong>¹)</strong></span> <span class='ocrx_word' id='word_1_20' title='bbox 776 706 916 791; x_wconf 86' lang='lat' dir='ltr'><strong>ideoque</strong></span> <span class='ocrx_word' id='word_1_21' title='bbox 935 710 1111 772; x_wconf 92' lang='lat' dir='ltr'><strong>communis</strong></span> <span class='ocrx_word' id='word_1_22' title='bbox 1128 707 1223 774; x_wconf 89' lang='lat' dir='ltr'><strong>huius</strong></span> 
     </span>
     <span class='ocr_line' id='line_1_5' title="bbox 183 819 1224 908; baseline 0.001 -23"><span class='ocrx_word' id='word_1_23' title='bbox 183 822 328 895; x_wconf 76' lang='lat' dir='ltr'><strong>vocabuli</strong></span> <span class='ocrx_word' id='word_1_24' title='bbox 348 819 536 905; x_wconf 81' lang='lat' dir='ltr'><strong>significatio</strong></span> <span class='ocrx_word' id='word_1_25' title='bbox 555 831 621 897; x_wconf 89' lang='lat' dir='ltr'><strong>est,</strong></span> <span class='ocrx_word' id='word_1_26' title='bbox 642 821 786 884; x_wconf 86' lang='lat' dir='ltr'><strong>minuere</strong></span> <span class='ocrx_word' id='word_1_27' title='bbox 803 830 834 882; x_wconf 90' lang='lat' dir='ltr'><strong>et</strong></span> <span class='ocrx_word' id='word_1_28' title='bbox 855 821 1001 899; x_wconf 83' lang='lat' dir='ltr'><strong>auferre,</strong></span> <span class='ocrx_word' id='word_1_29' title='bbox 1026 821 1224 908; x_wconf 78' lang='lat' dir='ltr'><strong>quocunque</strong></span> 
     </span>
     <span class='ocr_line' id='line_1_6' title="bbox 181 909 1223 1021; baseline 0 -21"><span class='ocrx_word' id='word_1_30' title='bbox 181 935 308 1000; x_wconf 89' lang='lat' dir='ltr'><strong>tandem</strong></span> <span class='ocrx_word' id='word_1_31' title='bbox 333 933 447 1011; x_wconf 91' lang='lat' dir='ltr'><strong>modo,</strong></span> <span class='ocrx_word' id='word_1_32' title='bbox 482 911 658 1017; x_wconf 82' lang='lat' dir='ltr'><strong>molestiam</strong></span> <span class='ocrx_word' id='word_1_33' title='bbox 683 933 864 1018; x_wconf 89' lang='lat' dir='ltr'><strong>quandam,</strong></span> <span class='ocrx_word' id='word_1_34' title='bbox 889 932 974 996; x_wconf 90' lang='lat' dir='ltr'><strong>unde</strong></span> <span class='ocrx_word' id='word_1_35' title='bbox 1000 909 1086 1019; x_wconf 85' lang='lat' dir='ltr'><strong>apud</strong></span> <span class='ocrx_word' id='word_1_36' title='bbox 1113 948 1223 1021; x_wconf 87' lang='lat' dir='ltr'><strong>poetas</strong></span> 
     </span>
     <span class='ocr_line' id='line_1_7' title="bbox 182 1038 1219 1136; baseline 0 -23"><span class='ocrx_word' id='word_1_37' title='bbox 182 1051 372 1128; x_wconf 87' lang='lat' dir='ltr'><strong>locutiones,</strong></span> <span class='ocrx_word' id='word_1_38' title='bbox 390 1046 657 1134; x_wconf 69' lang='lat' dir='ltr'><strong>coloriferam,</strong></span> <span class='ocrx_word' id='word_1_39' title='bbox 675 1038 825 1111; x_wconf 81' lang='lat' dir='ltr'><strong>umorem</strong></span> <span class='ocrx_word' id='word_1_40' title='bbox 836 1048 948 1110; x_wconf 70' lang='lat' dir='ltr'><strong>solari</strong></span> <span class='ocrx_word' id='word_1_41' title='bbox 957 1062 1075 1128; x_wconf 77' lang='lat' dir='ltr'><strong>contu,</strong></span> <span class='ocrx_word' id='word_1_42' title='bbox 1091 1050 1184 1121; x_wconf 85' lang='lat' dir='ltr'><strong>aliae.</strong></span> <span class='ocrx_word' id='word_1_43' title='bbox 1194 1049 1219 1136; x_wconf 84' lang='lat'><strong>²)</strong></span> 
     </span>
     <span class='ocr_line' id='line_1_8' title="bbox 180 1138 1219 1258; baseline -0.002 -29"><span class='ocrx_word' id='word_1_44' title='bbox 180 1164 242 1229; x_wconf 87' lang='lat' dir='ltr'><strong>Sed</strong></span> <span class='ocrx_word' id='word_1_45' title='bbox 275 1162 441 1258; x_wconf 85' lang='lat' dir='ltr'><strong>proprium</strong></span> <span class='ocrx_word' id='word_1_46' title='bbox 470 1162 555 1225; x_wconf 85' lang='lat' dir='ltr'><strong>vocis</strong></span> <span class='ocrx_word' id='word_1_47' title='bbox 581 1183 728 1239; x_wconf 87' lang='lat' dir='ltr'><strong>sensum,</strong></span> <span class='ocrx_word' id='word_1_48' title='bbox 762 1138 964 1247; x_wconf 65' lang='lat' dir='ltr'><strong>quatem&#39;hic</strong></span> <span class='ocrx_word' id='word_1_49' title='bbox 986 1162 1219 1248; x_wconf 83' lang='lat' dir='ltr'><strong>significamus,</strong></span> 
     </span>
     <span class='ocr_line' id='line_1_9' title="bbox 179 1260 1222 1362; baseline -0.002 -19"><span class='ocrx_word' id='word_1_50' title='bbox 179 1260 303 1346; x_wconf 82' lang='lat' dir='ltr'><strong>Graeca</strong></span> <span class='ocrx_word' id='word_1_51' title='bbox 320 1275 464 1341; x_wconf 89' lang='lat' dir='ltr'><strong>indicant</strong></span> <span class='ocrx_word' id='word_1_52' title='bbox 483 1275 637 1339; x_wconf 84' lang='lat' dir='ltr'><strong>vocabula</strong></span> <span class='ocrx_word' id='word_1_53' title='bbox 655 1276 867 1361; x_wconf 64' lang='grc' dir='ltr'><strong><em>παραμυθεῖν</em></strong></span> <span class='ocrx_word' id='word_1_54' title='bbox 880 1286 912 1337; x_wconf 87' lang='lat' dir='ltr'><strong>et</strong></span> <span class='ocrx_word' id='word_1_55' title='bbox 925 1280 1138 1361; x_wconf 73' lang='grc' dir='ltr'><em>παρηγορεῖν,</em></span> <span class='ocrx_word' id='word_1_56' title='bbox 1151 1279 1222 1362; x_wconf 92' lang='lat' dir='ltr'><strong>qui·</strong></span> 
     </span>
     <span class='ocr_line' id='line_1_10' title="bbox 180 1386 1222 1473; baseline -0.001 -17"><span class='ocrx_word' id='word_1_57' title='bbox 180 1391 240 1456; x_wconf 86' lang='lat' dir='ltr'><strong>bus</strong></span> <span class='ocrx_word' id='word_1_58' title='bbox 262 1392 347 1454; x_wconf 87' lang='lat' dir='ltr'><strong>inest</strong></span> <span class='ocrx_word' id='word_1_59' title='bbox 376 1387 670 1466; x_wconf 47' lang='lat' dir='ltr'><strong>ris*,.ser1„nonihus</strong></span> <span class='ocrx_word' id='word_1_60' title='bbox 697 1397 728 1450; x_wconf 88' lang='lat' dir='ltr'><strong>et</strong></span> <span class='ocrx_word' id='word_1_61' title='bbox 755 1387 903 1473; x_wconf 81' lang='lat' dir='ltr'>alloquiis</span> <span class='ocrx_word' id='word_1_62' title='bbox 930 1386 1071 1450; x_wconf 86' lang='lat' dir='ltr'><strong>leniendi</strong></span> <span class='ocrx_word' id='word_1_63' title='bbox 1099 1411 1138 1454; x_wconf 90' lang='lat' dir='ltr'><strong>ac</strong></span> <span class='ocrx_word' id='word_1_64' title='bbox 1163 1392 1222 1454; x_wconf 91' lang='lat' dir='ltr'><strong>mi-</strong></span> 
     </span>
     <span class='ocr_line' id='line_1_11' title="bbox 180 1500 1222 1592; baseline 0.001 -25"><span class='ocrx_word' id='word_1_65' title='bbox 180 1503 299 1592; x_wconf 78' lang='lat' dir='ltr'><strong>nuendi</strong></span> <span class='ocrx_word' id='word_1_66' title='bbox 317 1500 571 1588; x_wconf 80' lang='lat' dir='ltr'><strong>aegritudinem,</strong></span> <span class='ocrx_word' id='word_1_67' title='bbox 597 1500 681 1566; x_wconf 88' lang='lat' dir='ltr'><strong>unde</strong></span> <span class='ocrx_word' id='word_1_68' title='bbox 700 1501 828 1566; x_wconf 80' lang='lat' dir='ltr'><strong>Latinae</strong></span> <span class='ocrx_word' id='word_1_69' title='bbox 844 1521 956 1579; x_wconf 85' lang='lat' dir='ltr'><strong>voces,</strong></span> <span class='ocrx_word' id='word_1_70' title='bbox 977 1501 1111 1588; x_wconf 78' lang='lat' dir='ltr'><strong>ulloqui</strong></span> <span class='ocrx_word' id='word_1_71' title='bbox 1128 1515 1159 1566; x_wconf 89' lang='lat' dir='ltr'><strong>et</strong></span> <span class='ocrx_word' id='word_1_72' title='bbox 1170 1506 1222 1568; x_wconf 64' lang='lat' dir='ltr'><strong>ab</strong></span> 
     </span>
     <span class='ocr_line' id='line_1_12' title="bbox 182 1612 1222 1704; baseline 0.002 -24"><span class='ocrx_word' id='word_1_73' title='bbox 182 1614 498 1704; x_wconf 67' lang='lat' dir='ltr'><strong>loquium,.solandi</strong></span> <span class='ocrx_word' id='word_1_74' title='bbox 519 1636 651 1702; x_wconf 82' lang='lat' dir='ltr'><strong>quoque</strong></span> <span class='ocrx_word' id='word_1_75' title='bbox 683 1616 845 1679; x_wconf 88' lang='lat' dir='ltr'><strong>notionem</strong></span> <span class='ocrx_word' id='word_1_76' title='bbox 875 1612 1042 1702; x_wconf 67' lang='lat' dir='ltr'><strong>habent)</strong></span> <span class='ocrx_word' id='word_1_77' title='bbox 1074 1617 1222 1704; x_wconf 49' lang='lat' dir='ltr'><strong>¹Cumque</strong></span> 
     </span>
     <span class='ocr_line' id='line_1_13' title="bbox 179 1727 1222 1816; baseline 0.002 -22"><span class='ocrx_word' id='word_1_78' title='bbox 179 1730 366 1816; x_wconf 74' lang='lat' dir='ltr'><strong>aegritudo,</strong></span> <span class='ocrx_word' id='word_1_79' title='bbox 392 1740 427 1794; x_wconf 93' lang='lat' dir='ltr'><strong>ut</strong></span> <span class='ocrx_word' id='word_1_80' title='bbox 449 1728 543 1792; x_wconf 88' lang='lat' dir='ltr'><strong>modo</strong></span> <span class='ocrx_word' id='word_1_81' title='bbox 567 1727 721 1806; x_wconf 85' lang='lat' dir='ltr'><strong>vidimus,</strong></span> <span class='ocrx_word' id='word_1_82' title='bbox 753 1749 790 1792; x_wconf 84' lang='lat' dir='ltr'><strong>ex</strong></span> <span class='ocrx_word' id='word_1_83' title='bbox 818 1729 955 1792; x_wconf 91' lang='lat' dir='ltr'><strong>naturali</strong></span> <span class='ocrx_word' id='word_1_84' title='bbox 983 1750 1077 1793; x_wconf 88' lang='lat' dir='ltr'><strong>sensu</strong></span> <span class='ocrx_word' id='word_1_85' title='bbox 1103 1729 1222 1796; x_wconf 88' lang='lat' dir='ltr'><strong>doloris</strong></span> 
     </span>
     <span class='ocr_line' id='line_1_14' title="bbox 180 1824 1222 1928; baseline 0 -20"><span class='ocrx_word' id='word_1_86' title='bbox 180 1857 212 1909; x_wconf 90' lang='lat' dir='ltr'><strong>et</strong></span> <span class='ocrx_word' id='word_1_87' title='bbox 240 1844 397 1908; x_wconf 87' lang='lat' dir='ltr'><strong>desiderio</strong></span> <span class='ocrx_word' id='word_1_88' title='bbox 426 1843 530 1906; x_wconf 86' lang='lat' dir='ltr'><strong>amissi</strong></span> <span class='ocrx_word' id='word_1_89' title='bbox 554 1843 637 1904; x_wconf 85' lang='lat' dir='ltr'><strong>&#39;boni</strong></span> <span class='ocrx_word' id='word_1_90' title='bbox 670 1843 834 1926; x_wconf 72' lang='lat' dir='ltr'><strong>originem¹</strong></span> <span class='ocrx_word' id='word_1_91' title='bbox 856 1841 972 1921; x_wconf 90' lang='lat' dir='ltr'><strong>ducat,</strong></span> <span class='ocrx_word' id='word_1_92' title='bbox 1006 1824 1088 1928; x_wconf 83' lang='lat' dir='ltr'><strong>quae</strong></span> <span class='ocrx_word' id='word_1_93' title='bbox 1116 1855 1222 1927; x_wconf 86' lang='lat' dir='ltr'><strong>tamen</strong></span> 
     </span>
     <span class='ocr_line' id='line_1_15' title="bbox 179 1933 1222 2050; baseline -0.001 -27"><span class='ocrx_word' id='word_1_94' title='bbox 179 1969 313 2023; x_wconf 84' lang='lat' dir='ltr'><strong>acuatur</strong></span> <span class='ocrx_word' id='word_1_95' title='bbox 330 1956 553 2050; x_wconf 81' lang='lat' dir='ltr'><strong>opinionibus,</strong></span> <span class='ocrx_word' id='word_1_96' title='bbox 575 1933 653 2019; x_wconf 80' lang='lat' dir='ltr'><strong>ltine</strong></span> <span class='ocrx_word' id='word_1_97' title='bbox 671 1955 788 2039; x_wconf 83' lang='lat' dir='ltr'><strong>duplex</strong></span> <span class='ocrx_word' id='word_1_98' title='bbox 812 1957 912 2019; x_wconf 88' lang='lat' dir='ltr'><strong>oritur</strong></span> <span class='ocrx_word' id='word_1_99' title='bbox 936 1950 1222 2029; x_wconf 42' lang='lat' dir='ltr'><strong>consolantis‘offi-</strong></span> 
     </span>
     <span class='ocr_line' id='line_1_16' title="bbox 179 2048 1220 2159; baseline 0.001 -24"><span class='ocrx_word' id='word_1_100' title='bbox 179 2073 287 2150; x_wconf 88' lang='lat' dir='ltr'><strong>cium,</strong></span> <span class='ocrx_word' id='word_1_101' title='bbox 302 2048 468 2147; x_wconf 73' lang='lat' dir='ltr'><strong>alterum,</strong></span> <span class='ocrx_word' id='word_1_102' title='bbox 494 2081 529 2133; x_wconf 91' lang='lat' dir='ltr'><strong>ut</strong></span> <span class='ocrx_word' id='word_1_103' title='bbox 555 2070 719 2159; x_wconf 87' lang='lat' dir='ltr'><strong>opiniones</strong></span> <span class='ocrx_word' id='word_1_104' title='bbox 746 2065 818 2132; x_wconf 89' lang='lat' dir='ltr'><strong>illas</strong></span> <span class='ocrx_word' id='word_1_105' title='bbox 840 2079 1001 2154; x_wconf 86' lang='lat' dir='ltr'><strong>susceptas</strong></span> <span class='ocrx_word' id='word_1_106' title='bbox 1030 2070 1080 2132; x_wconf 87' lang='lat' dir='ltr'><strong>rel</strong></span> <span class='ocrx_word' id='word_1_107' title='bbox 1109 2072 1220 2151; x_wconf 87' lang='lat' dir='ltr'><strong>tollat,</strong></span> 
     </span>
     <span class='ocr_line' id='line_1_17' title="bbox 180 2182 1222 2261; baseline 0.002 -14"><span class='ocrx_word' id='word_1_108' title='bbox 180 2185 230 2247; x_wconf 86' lang='lat' dir='ltr'><strong>vel</strong></span> <span class='ocrx_word' id='word_1_109' title='bbox 248 2185 372 2249; x_wconf 84' lang='lat' dir='ltr'><strong>noxiam</strong></span> <span class='ocrx_word' id='word_1_110' title='bbox 392 2204 501 2247; x_wconf 86' lang='lat' dir='ltr'><strong>earum</strong></span> <span class='ocrx_word' id='word_1_111' title='bbox 521 2183 585 2245; x_wconf 81' lang='lat' dir='ltr'><strong>vim</strong></span> <span class='ocrx_word' id='word_1_112' title='bbox 603 2182 745 2258; x_wconf 86' lang='lat' dir='ltr'><strong>auferat,</strong></span> <span class='ocrx_word' id='word_1_113' title='bbox 769 2182 906 2251; x_wconf 88' lang='lat' dir='ltr'><strong>alterum</strong></span> <span class='ocrx_word' id='word_1_114' title='bbox 928 2204 1017 2261; x_wconf 90' lang='lat' dir='ltr'><strong>vero,</strong></span> <span class='ocrx_word' id='word_1_115' title='bbox 1042 2194 1078 2247; x_wconf 89' lang='lat' dir='ltr'><strong>ut</strong></span> <span class='ocrx_word' id='word_1_116' title='bbox 1093 2205 1222 2249; x_wconf 90' lang='lat' dir='ltr'><strong>sensum</strong></span> 
     </span>
     <span class='ocr_line' id='line_1_18' title="bbox 179 2281 1223 2382; baseline 0 -20"><span class='ocrx_word' id='word_1_117' title='bbox 179 2299 270 2363; x_wconf 93' lang='lat' dir='ltr'><strong>illum</strong></span> <span class='ocrx_word' id='word_1_118' title='bbox 301 2299 424 2360; x_wconf 87' lang='lat' dir='ltr'><strong>minuat</strong></span> <span class='ocrx_word' id='word_1_119' title='bbox 451 2317 488 2362; x_wconf 84' lang='lat' dir='ltr'><strong>ac</strong></span> <span class='ocrx_word' id='word_1_120' title='bbox 511 2296 680 2359; x_wconf 80' lang='lat' dir='ltr'><strong>satisfaciat</strong></span> <span class='ocrx_word' id='word_1_121' title='bbox 701 2281 868 2360; x_wconf 82' lang='lat' dir='ltr'><strong>desiderio.</strong></span> <span class='ocrx_word' id='word_1_122' title='bbox 904 2296 1099 2382; x_wconf 83' lang='lat' dir='ltr'><strong>lntelligitur</strong></span> <span class='ocrx_word' id='word_1_123' title='bbox 1115 2310 1223 2362; x_wconf 88' lang='lat' dir='ltr'><strong>autem</strong></span> 
     </span>
     <span class='ocr_line' id='line_1_19' title="bbox 179 2407 1221 2498; baseline -0.001 -22"><span class='ocrx_word' id='word_1_124' title='bbox 179 2412 274 2490; x_wconf 90' lang='lat' dir='ltr'><strong>hinc,</strong></span> <span class='ocrx_word' id='word_1_125' title='bbox 299 2432 399 2496; x_wconf 86' lang='lat' dir='ltr'><strong>quare</strong></span> <span class='ocrx_word' id='word_1_126' title='bbox 416 2432 478 2473; x_wconf 90' lang='lat' dir='ltr'><strong>una</strong></span> <span class='ocrx_word' id='word_1_127' title='bbox 491 2407 667 2493; x_wconf 87' lang='lat' dir='ltr'><strong>eademque</strong></span> <span class='ocrx_word' id='word_1_128' title='bbox 684 2409 858 2480; x_wconf 86' lang='lat' dir='ltr'><strong>consolatio</strong></span> <span class='ocrx_word' id='word_1_129' title='bbox 875 2431 938 2472; x_wconf 93' lang='lat' dir='ltr'><strong>non</strong></span> <span class='ocrx_word' id='word_1_130' title='bbox 960 2412 1078 2497; x_wconf 90' lang='lat' dir='ltr'><strong>cuique</strong></span> <span class='ocrx_word' id='word_1_131' title='bbox 1097 2411 1221 2498; x_wconf 86' lang='lat' dir='ltr'><strong>lugenti</strong></span> 
     </span>
     <span class='ocr_line' id='line_1_20' title="bbox 178 2522 1220 2616; baseline -0.001 -27"><span class='ocrx_word' id='word_1_132' title='bbox 178 2524 416 2590; x_wconf 89' lang='lat' dir='ltr'><strong>accommodata</strong></span> <span class='ocrx_word' id='word_1_133' title='bbox 448 2525 487 2586; x_wconf 91' lang='lat' dir='ltr'><strong>sit</strong></span> <span class='ocrx_word' id='word_1_134' title='bbox 495 2564 507 2601; x_wconf 91' lang='lat'><strong>-,</strong></span> <span class='ocrx_word' id='word_1_135' title='bbox 543 2522 596 2586; x_wconf 90' lang='lat' dir='ltr'><strong>sed</strong></span> <span class='ocrx_word' id='word_1_136' title='bbox 631 2522 695 2616; x_wconf 34' lang='lat' dir='ltr'><strong>hoc·</strong></span> <span class='ocrx_word' id='word_1_137' title='bbox 724 2523 763 2585; x_wconf 86' lang='lat' dir='ltr'><strong>sit</strong></span> <span class='ocrx_word' id='word_1_138' title='bbox 781 2523 999 2614; x_wconf 30' lang='lat' dir='ltr'><strong>,consolatoris</strong></span> <span class='ocrx_word' id='word_1_139' title='bbox 1031 2526 1220 2608; x_wconf 86' lang='lat' dir='ltr'><strong>primarium</strong></span> 
     </span>
    </p>
   </div>
   <div class='ocr_carea' id='block_1_3' title="bbox 178 2636 1218 2723">
    <p class='ocr_par' dir='ltr' id='par_1_3' title="bbox 178 2636 1218 2723">
     <span class='ocr_line' id='line_1_21' title="bbox 178 2636 1218 2723; baseline 0.001 -21"><span class='ocrx_word' id='word_1_140' title='bbox 178 2661 313 2718; x_wconf 84' lang='lat' dir='ltr'><strong>munus,</strong></span> <span class='ocrx_word' id='word_1_141' title='bbox 339 2649 374 2701; x_wconf 88' lang='lat' dir='ltr'><strong>ut</strong></span> <span class='ocrx_word' id='word_1_142' title='bbox 394 2659 472 2722; x_wconf 90' lang='lat' dir='ltr'><strong>quas</strong></span> <span class='ocrx_word' id='word_1_143' title='bbox 490 2637 625 2700; x_wconf 89' lang='lat' dir='ltr'><strong>rationes</strong></span> <span class='ocrx_word' id='word_1_144' title='bbox 646 2636 792 2719; x_wconf 82' lang='lat' dir='ltr'><strong>excipare</strong></span> <span class='ocrx_word' id='word_1_145' title='bbox 812 2639 910 2721; x_wconf 89' lang='lat' dir='ltr'><strong>possit</strong></span> <span class='ocrx_word' id='word_1_146' title='bbox 931 2640 977 2714; x_wconf 93' lang='lat' dir='ltr'><strong>is,</strong></span> <span class='ocrx_word' id='word_1_147' title='bbox 1003 2640 1059 2723; x_wconf 92' lang='lat' dir='ltr'><strong>qui</strong></span> <span class='ocrx_word' id='word_1_148' title='bbox 1079 2651 1218 2717; x_wconf 86' lang='lat' dir='ltr'><strong>moeret,</strong></span> 
     </span>
    </p>
   </div>
   <div class='ocr_carea' id='block_1_4' title="bbox 157 2902 1233 4091">
    <p class='ocr_par' dir='ltr' id='par_1_4' title="bbox 157 2902 1233 4091">
     <span class='ocr_line' id='line_1_22' title="bbox 179 2902 1220 2973; baseline 0 -17"><span class='ocrx_word' id='word_1_149' title='bbox 179 2903 223 2971; x_wconf 73' lang='lat' dir='ltr'><strong>ll.)</strong></span> <span class='ocrx_word' id='word_1_150' title='bbox 239 2923 264 2973; x_wconf 90' lang='lat' dir='ltr'><strong>p.</strong></span> <span class='ocrx_word' id='word_1_151' title='bbox 280 2903 347 2968; x_wconf 77' lang='lat'><strong>304,</strong></span> <span class='ocrx_word' id='word_1_152' title='bbox 363 2907 397 2954; x_wconf 81' lang='lat' dir='ltr'><strong>ita</strong></span> <span class='ocrx_word' id='word_1_153' title='bbox 413 2903 505 2952; x_wconf 84' lang='lat' dir='ltr'><strong>delinit</strong></span> <span class='ocrx_word' id='word_1_154' title='bbox 519 2905 719 2966; x_wconf 66' lang='lat' dir='ltr'><strong>aegritudinem:</strong></span> <span class='ocrx_word' id='word_1_155' title='bbox 738 2906 820 2950; x_wconf 76' lang='lat' dir='ltr'><strong>animi</strong></span> <span class='ocrx_word' id='word_1_156' title='bbox 834 2902 938 2966; x_wconf 77' lang='lat' dir='ltr'><strong>affectio</strong></span> <span class='ocrx_word' id='word_1_157' title='bbox 953 2912 1006 2968; x_wconf 85' lang='lat' dir='ltr'><strong>ost,</strong></span> <span class='ocrx_word' id='word_1_158' title='bbox 1026 2921 1091 2969; x_wconf 82' lang='lat' dir='ltr'><strong>quae</strong></span> <span class='ocrx_word' id='word_1_159' title='bbox 1104 2910 1220 2956; x_wconf 73' lang='lat' dir='ltr'><strong>ceruttur</strong></span> 
     </span>
     <span class='ocr_line' id='line_1_23' title="bbox 178 2997 1233 3065; baseline 0.002 -17"><span class='ocrx_word' id='word_1_160' title='bbox 178 3004 207 3049; x_wconf 80' lang='lat' dir='ltr'><strong>in</strong></span> <span class='ocrx_word' id='word_1_161' title='bbox 219 3001 304 3050; x_wconf 80' lang='lat' dir='ltr'><strong>dolore</strong></span> <span class='ocrx_word' id='word_1_162' title='bbox 318 3015 331 3047; x_wconf 85' lang='lat' dir='ltr'><strong>e</strong></span> <span class='ocrx_word' id='word_1_163' title='bbox 347 2999 503 3064; x_wconf 64' lang='lat' dir='ltr'><strong>cogitatione</strong></span> <span class='ocrx_word' id='word_1_164' title='bbox 520 2998 598 3058; x_wconf 73' lang='lat' dir='ltr'><strong>stati,</strong></span> <span class='ocrx_word' id='word_1_165' title='bbox 615 2997 681 3060; x_wconf 77' lang='lat' dir='ltr'><strong>qaod</strong></span> <span class='ocrx_word' id='word_1_166' title='bbox 695 2997 730 3044; x_wconf 81' lang='lat' dir='ltr'><strong>ad</strong></span> <span class='ocrx_word' id='word_1_167' title='bbox 745 3012 790 3044; x_wconf 78' lang='lat' dir='ltr'><strong>nos</strong></span> <span class='ocrx_word' id='word_1_168' title='bbox 797 2999 928 3060; x_wconf 79' lang='lat' dir='ltr'><strong>pertinere</strong></span> <span class='ocrx_word' id='word_1_169' title='bbox 939 3004 1070 3061; x_wconf 67' lang='lat' dir='ltr'><strong>puteanus,</strong></span> <span class='ocrx_word' id='word_1_170' title='bbox 1084 3008 1217 3065; x_wconf 64' lang='lat' dir='ltr'><strong>perpetuat</strong></span> <span class='ocrx_word' id='word_1_171' title='bbox 1232 3011 1233 3014; x_wconf 77' lang='grc'>’</span> 
     </span>
     <span class='ocr_line' id='line_1_24' title="bbox 179 3066 1220 3158; baseline 0.001 -16"><span class='ocrx_word' id='word_1_172' title='bbox 179 3097 208 3144; x_wconf 87' lang='lat' dir='ltr'><strong>ln</strong></span> <span class='ocrx_word' id='word_1_173' title='bbox 227 3111 278 3158; x_wconf 88' lang='lat' dir='ltr'><strong>qua</strong></span> <span class='ocrx_word' id='word_1_174' title='bbox 293 3092 443 3142; x_wconf 85' lang='lat' dir='ltr'><strong>delinitione</strong></span> <span class='ocrx_word' id='word_1_175' title='bbox 468 3090 532 3138; x_wconf 91' lang='lat' dir='ltr'><strong>illud</strong></span> <span class='ocrx_word' id='word_1_176' title='bbox 558 3089 682 3150; x_wconf 78' lang='lat' dir='ltr'><strong>offendit,</strong></span> <span class='ocrx_word' id='word_1_177' title='bbox 710 3089 779 3152; x_wconf 87' lang='lat' dir='ltr'><strong>quod</strong></span> <span class='ocrx_word' id='word_1_178' title='bbox 794 3089 889 3137; x_wconf 76' lang='lat' dir='ltr'><strong>notoria</strong></span> <span class='ocrx_word' id='word_1_179' title='bbox 908 3066 1113 3141; x_wconf 41' lang='lat' dir='ltr'><strong>caussam&#39;unice</strong></span> <span class='ocrx_word' id='word_1_180' title='bbox 1135 3095 1161 3143; x_wconf 91' lang='lat' dir='ltr'><strong>in</strong></span> <span class='ocrx_word' id='word_1_181' title='bbox 1182 3111 1220 3142; x_wconf 85' lang='lat' dir='ltr'><strong>eo·</strong></span> 
     </span>
     <span class='ocr_line' id='line_1_25' title="bbox 175 3172 1218 3253; baseline 0.002 -19"><span class='ocrx_word' id='word_1_182' title='bbox 175 3186 375 3253; x_wconf 72' lang='lat' dir='ltr'><strong>gitatiouamali</strong></span> <span class='ocrx_word' id='word_1_183' title='bbox 387 3184 473 3248; x_wconf 86' lang='lat' dir='ltr'><strong>ponit;</strong></span> <span class='ocrx_word' id='word_1_184' title='bbox 493 3183 613 3245; x_wconf 78' lang='lat' dir='ltr'><strong>cogitatio</strong></span> <span class='ocrx_word' id='word_1_185' title='bbox 626 3184 694 3230; x_wconf 88' lang='lat' dir='ltr'><strong>enim</strong></span> <span class='ocrx_word' id='word_1_186' title='bbox 711 3182 743 3230; x_wconf 89' lang='lat' dir='ltr'><strong>ad</strong></span> <span class='ocrx_word' id='word_1_187' title='bbox 760 3172 937 3245; x_wconf 85' lang='lat' dir='ltr'><strong>intellectum,</strong></span> <span class='ocrx_word' id='word_1_188' title='bbox 961 3187 1094 3248; x_wconf 72' lang='lat' dir='ltr'><strong>aegritudo</strong></span> <span class='ocrx_word' id='word_1_189' title='bbox 1114 3203 1174 3236; x_wconf 86' lang='lat' dir='ltr'><strong>varo</strong></span> <span class='ocrx_word' id='word_1_190' title='bbox 1192 3194 1218 3236; x_wconf 88' lang='lat' dir='ltr'><strong>et</strong></span> 
     </span>
     <span class='ocr_line' id='line_1_26' title="bbox 178 3264 1218 3341; baseline 0 -13"><span class='ocrx_word' id='word_1_191' title='bbox 178 3281 251 3329; x_wconf 91' lang='lat' dir='ltr'><strong>dolor</strong></span> <span class='ocrx_word' id='word_1_192' title='bbox 265 3281 296 3329; x_wconf 85' lang='lat' dir='ltr'><strong>ad</strong></span> <span class='ocrx_word' id='word_1_193' title='bbox 310 3292 411 3328; x_wconf 78' lang='lat' dir='ltr'><strong>sentum</strong></span> <span class='ocrx_word' id='word_1_194' title='bbox 427 3277 587 3333; x_wconf 76' lang='lat' dir='ltr'><strong>reseruntur3</strong></span> <span class='ocrx_word' id='word_1_195' title='bbox 604 3276 649 3324; x_wconf 89' lang='lat' dir='ltr'><strong>ubi</strong></span> <span class='ocrx_word' id='word_1_196' title='bbox 661 3277 729 3325; x_wconf 90' lang='lat' dir='ltr'><strong>enim</strong></span> <span class='ocrx_word' id='word_1_197' title='bbox 738 3264 835 3340; x_wconf 85' lang='lat' dir='ltr'><strong>aliquid</strong></span> <span class='ocrx_word' id='word_1_198' title='bbox 844 3278 972 3326; x_wconf 74' lang='lat' dir='ltr'><strong>amisimus</strong></span> <span class='ocrx_word' id='word_1_199' title='bbox 981 3315 988 3341; x_wconf 97' lang='lat'><strong>,</strong></span> <span class='ocrx_word' id='word_1_200' title='bbox 998 3280 1122 3329; x_wconf 90' lang='lat' dir='ltr'><strong>continuo</strong></span> <span class='ocrx_word' id='word_1_201' title='bbox 1130 3280 1218 3330; x_wconf 70' lang='lat' dir='ltr'><strong>deense</strong></span> 
     </span>
     <span class='ocr_line' id='line_1_27' title="bbox 177 3346 1218 3434; baseline 0.002 -13"><span class='ocrx_word' id='word_1_202' title='bbox 177 3372 242 3422; x_wconf 90' lang='lat' dir='ltr'><strong>illud</strong></span> <span class='ocrx_word' id='word_1_203' title='bbox 262 3373 336 3422; x_wconf 86' lang='lat' dir='ltr'><strong>nobis</strong></span> <span class='ocrx_word' id='word_1_204' title='bbox 355 3346 495 3432; x_wconf 49' lang='lat' dir='ltr'><strong>&#39;sentimum</strong></span> <span class='ocrx_word' id='word_1_205' title='bbox 513 3371 619 3432; x_wconf 82' lang='lat' dir='ltr'><strong>oiuaque</strong></span> <span class='ocrx_word' id='word_1_206' title='bbox 637 3369 763 3418; x_wconf 80' lang='lat' dir='ltr'><strong>desiderio</strong></span> <span class='ocrx_word' id='word_1_207' title='bbox 781 3376 912 3428; x_wconf 85' lang='lat' dir='ltr'><strong>tenemur;</strong></span> <span class='ocrx_word' id='word_1_208' title='bbox 938 3373 1100 3434; x_wconf 70' lang='lat' dir='ltr'><strong>cogitationis</strong></span> <span class='ocrx_word' id='word_1_209' title='bbox 1115 3390 1176 3423; x_wconf 88' lang='lat' dir='ltr'><strong>rero</strong></span> <span class='ocrx_word' id='word_1_210' title='bbox 1189 3390 1218 3423; x_wconf 85' lang='lat' dir='ltr'><strong>ea</strong></span> 
     </span>
     <span class='ocr_line' id='line_1_28' title="bbox 179 3460 1218 3535; baseline 0.002 -21"><span class='ocrx_word' id='word_1_211' title='bbox 179 3460 284 3527; x_wconf 71' lang='lat' dir='ltr'><strong>ris&#39;eat,</strong></span> <span class='ocrx_word' id='word_1_212' title='bbox 303 3472 333 3513; x_wconf 94' lang='lat' dir='ltr'><strong>ut</strong></span> <span class='ocrx_word' id='word_1_213' title='bbox 348 3466 489 3514; x_wconf 86' lang='lat' dir='ltr'><strong>naturalem</strong></span> <span class='ocrx_word' id='word_1_214' title='bbox 506 3464 572 3511; x_wconf 89' lang='lat' dir='ltr'><strong>hanc</strong></span> <span class='ocrx_word' id='word_1_215' title='bbox 593 3465 756 3535; x_wconf 75' lang='lat' dir='ltr'><strong>affectionem</strong></span> <span class='ocrx_word' id='word_1_216' title='bbox 771 3464 823 3512; x_wconf 89' lang='lat' dir='ltr'><strong>alat</strong></span> <span class='ocrx_word' id='word_1_217' title='bbox 841 3469 868 3511; x_wconf 87' lang='lat' dir='ltr'><strong>et</strong></span> <span class='ocrx_word' id='word_1_218' title='bbox 881 3471 980 3535; x_wconf 62' lang='lat' dir='ltr'><strong>augeat.</strong></span> <span class='ocrx_word' id='word_1_219' title='bbox 1014 3466 1104 3514; x_wconf 85' lang='lat' dir='ltr'><strong>llelius</strong></span> <span class='ocrx_word' id='word_1_220' title='bbox 1120 3467 1218 3516; x_wconf 85' lang='lat' dir='ltr'><strong>idcirco</strong></span> 
     </span>
     <span class='ocr_line' id='line_1_29' title="bbox 157 3556 1231 3629; baseline 0.001 -22"><span class='ocrx_word' id='word_1_221' title='bbox 157 3561 387 3629; x_wconf 17' lang='lat' dir='ltr'><strong>&#39;idernsoriptob</strong></span> <span class='ocrx_word' id='word_1_222' title='bbox 416 3557 503 3624; x_wconf 86' lang='lat' dir='ltr'><strong>paullo</strong></span> <span class='ocrx_word' id='word_1_223' title='bbox 518 3558 649 3624; x_wconf 83' lang='lat' dir='ltr'><strong>superine,</strong></span> <span class='ocrx_word' id='word_1_224' title='bbox 674 3556 859 3618; x_wconf 72' lang='lat' dir='ltr'><strong>aegritudinem</strong></span> <span class='ocrx_word' id='word_1_225' title='bbox 874 3558 937 3605; x_wconf 90' lang='lat' dir='ltr'><strong>dicit</strong></span> <span class='ocrx_word' id='word_1_226' title='bbox 958 3575 1013 3606; x_wconf 82' lang='lat' dir='ltr'><strong>esse</strong></span> <span class='ocrx_word' id='word_1_227' title='bbox 1034 3574 1126 3608; x_wconf 79' lang='lat' dir='ltr'><strong>monem</strong></span> <span class='ocrx_word' id='word_1_228' title='bbox 1143 3562 1231 3615; x_wconf 64' lang='lat' dir='ltr'><strong>mola,</strong></span> 
     </span>
     <span class='ocr_line' id='line_1_30' title="bbox 177 3650 803 3718; baseline -0.01 -16"><span class='ocrx_word' id='word_1_229' title='bbox 177 3656 255 3703; x_wconf 70' lang='lat' dir='ltr'><strong>stium</strong></span> <span class='ocrx_word' id='word_1_230' title='bbox 273 3653 457 3718; x_wconf 75' lang='lat' dir='ltr'><strong>erogitots&#39;ouo</strong></span> <span class='ocrx_word' id='word_1_231' title='bbox 475 3656 501 3698; x_wconf 79' lang='lat' dir='ltr'><strong>et</strong></span> <span class='ocrx_word' id='word_1_232' title='bbox 521 3665 620 3698; x_wconf 79' lang='lat' dir='ltr'><strong>sensu</strong></span> <span class='ocrx_word' id='word_1_233' title='bbox 636 3650 701 3697; x_wconf 83' lang='lat' dir='ltr'><strong>mali</strong></span> <span class='ocrx_word' id='word_1_234' title='bbox 717 3656 803 3697; x_wconf 82' lang='lat' dir='ltr'><strong>ortam.</strong></span> 
     </span>
     <span class='ocr_line' id='line_1_31' title="bbox 213 3743 1024 3812; baseline -0.005 -15"><span class='ocrx_word' id='word_1_235' title='bbox 213 3746 238 3810; x_wconf 83' lang='lat'><strong>1)</strong></span> <span class='ocrx_word' id='word_1_236' title='bbox 275 3748 331 3795; x_wconf 91' lang='lat' dir='ltr'><strong>Vid.</strong></span> <span class='ocrx_word' id='word_1_237' title='bbox 349 3745 501 3806; x_wconf 73' lang='lat' dir='ltr'><strong>uncertain,</strong></span> <span class='ocrx_word' id='word_1_238' title='bbox 520 3744 577 3792; x_wconf 81' lang='lat' dir='ltr'><strong>Lot.</strong></span> <span class='ocrx_word' id='word_1_239' title='bbox 597 3744 688 3806; x_wconf 64' lang='lat' dir='ltr'><strong>Synna</strong></span> <span class='ocrx_word' id='word_1_240' title='bbox 707 3743 760 3790; x_wconf 79' lang='lat' dir='ltr'><strong>und</strong></span> <span class='ocrx_word' id='word_1_241' title='bbox 778 3745 862 3807; x_wconf 78' lang='lat' dir='ltr'><strong>Btym.</strong></span> <span class='ocrx_word' id='word_1_242' title='bbox 882 3744 901 3791; x_wconf 86' lang='lat'><strong>1.</strong></span> <span class='ocrx_word' id='word_1_243' title='bbox 922 3761 946 3812; x_wconf 89' lang='lat' dir='ltr'><strong>p.</strong></span> <span class='ocrx_word' id='word_1_244' title='bbox 967 3744 1024 3793; x_wconf 84' lang='lat'>153.</span> 
     </span>
     <span class='ocr_line' id='line_1_32' title="bbox 211 3813 1076 3905; baseline -0.003 -15"><span class='ocrx_word' id='word_1_245' title='bbox 211 3838 238 3905; x_wconf 80' lang='lat' dir='ltr'><strong>a)</strong></span> <span class='ocrx_word' id='word_1_246' title='bbox 273 3839 374 3902; x_wconf 71' lang='lat' dir='ltr'><strong>virgilii</strong></span> <span class='ocrx_word' id='word_1_247' title='bbox 390 3813 549 3901; x_wconf 48' lang='lat' dir='ltr'><strong>altorumque</strong></span> <span class='ocrx_word' id='word_1_248' title='bbox 567 3837 622 3885; x_wconf 65' lang='lat'><strong>100³</strong></span> <span class='ocrx_word' id='word_1_249' title='bbox 640 3836 737 3884; x_wconf 74' lang='lat' dir='ltr'><strong>susten</strong></span> <span class='ocrx_word' id='word_1_250' title='bbox 753 3836 880 3884; x_wconf 65' lang='lat' dir='ltr'><strong>seinana</strong></span> <span class='ocrx_word' id='word_1_251' title='bbox 899 3837 916 3884; x_wconf 87' lang='lat'><strong>1.</strong></span> <span class='ocrx_word' id='word_1_252' title='bbox 936 3838 953 3884; x_wconf 87' lang='lat'><strong>1.</strong></span> <span class='ocrx_word' id='word_1_253' title='bbox 973 3855 997 3902; x_wconf 75' lang='lat' dir='ltr'><strong>p.</strong></span> <span class='ocrx_word' id='word_1_254' title='bbox 1016 3835 1076 3887; x_wconf 82' lang='lat' dir='ltr'><strong>sos.</strong></span> 
     </span>
     <span class='ocr_line' id='line_1_33' title="bbox 211 3927 1217 3998; baseline 0 -17"><span class='ocrx_word' id='word_1_255' title='bbox 211 3933 237 3998; x_wconf 87' lang='grc'><strong>3)</strong></span> <span class='ocrx_word' id='word_1_256' title='bbox 273 3935 351 3984; x_wconf 88' lang='lat' dir='ltr'><strong>Varro</strong></span> <span class='ocrx_word' id='word_1_257' title='bbox 369 3932 400 3980; x_wconf 84' lang='lat' dir='ltr'><strong>de</strong></span> <span class='ocrx_word' id='word_1_258' title='bbox 417 3931 494 3996; x_wconf 71' lang='lat' dir='ltr'><strong>ling.</strong></span> <span class='ocrx_word' id='word_1_259' title='bbox 514 3931 571 3979; x_wconf 81' lang='lat' dir='ltr'><strong>Lot.</strong></span> <span class='ocrx_word' id='word_1_260' title='bbox 591 3930 633 3978; x_wconf 87' lang='lat' dir='ltr'><strong>tv.</strong></span> <span class='ocrx_word' id='word_1_261' title='bbox 652 3927 694 3978; x_wconf 82' lang='lat'><strong>56.</strong></span> <span class='ocrx_word' id='word_1_262' title='bbox 726 3930 761 3978; x_wconf 88' lang='lat' dir='ltr'><strong>Cl.</strong></span> <span class='ocrx_word' id='word_1_263' title='bbox 779 3929 892 3978; x_wconf 71' lang='lat' dir='ltr'><strong>Muretus</strong></span> <span class='ocrx_word' id='word_1_264' title='bbox 923 3930 979 3978; x_wconf 79' lang='lat' dir='ltr'><strong>Ver.</strong></span> <span class='ocrx_word' id='word_1_265' title='bbox 998 3931 1068 3979; x_wconf 73' lang='lat' dir='ltr'><strong>beet.</strong></span> <span class='ocrx_word' id='word_1_266' title='bbox 1094 3932 1126 3979; x_wconf 92' lang='lat' dir='ltr'><strong>ll.</strong></span> <span class='ocrx_word' id='word_1_267' title='bbox 1152 3949 1176 3983; x_wconf 88' lang='lat' dir='ltr'><strong>c.</strong></span> <span class='ocrx_word' id='word_1_268' title='bbox 1190 3930 1217 3980; x_wconf 77' lang='lat'><strong>4,</strong></span> 
     </span>
     <span class='ocr_line' id='line_1_34' title="bbox 177 4023 569 4091; baseline -0.02 -13"><span class='ocrx_word' id='word_1_269' title='bbox 177 4028 232 4078; x_wconf 80' lang='lat' dir='ltr'><strong>l&#39;ol.</strong></span> <span class='ocrx_word' id='word_1_270' title='bbox 248 4028 281 4076; x_wconf 90' lang='lat'><strong>11.</strong></span> <span class='ocrx_word' id='word_1_271' title='bbox 301 4044 325 4091; x_wconf 89' lang='lat' dir='ltr'><strong>p.</strong></span> <span class='ocrx_word' id='word_1_272' title='bbox 344 4025 387 4074; x_wconf 80' lang='lat'><strong>35.</strong></span> <span class='ocrx_word' id='word_1_273' title='bbox 405 4024 449 4074; x_wconf 78' lang='lat' dir='ltr'><strong>nd.</strong></span> <span class='ocrx_word' id='word_1_274' title='bbox 466 4023 569 4071; x_wconf 86' lang='lat' dir='ltr'><strong>Ruhnk.</strong></span> 
     </span>
    </p>
   </div>
   <div class='ocr_carea' id='block_1_5' title="bbox 0 0 1328 4844">
    <p class='ocr_par' dir='ltr' id='par_1_5' title="bbox 0 0 1328 4844">
     <span class='ocr_line' id='line_1_35' title="bbox 0 0 1328 4844; baseline 0 1"><span class='ocrx_word' id='word_1_275' title='bbox 0 0 1328 4844; x_wconf 95' lang='lat' dir='ltr'><strong> </strong></span> 
     </span>
    </p>
   </div>
  </div>
 </body>
</html>
