2648 4844
637 339 679 399 40

139 524 222 587 dicia
244 521 331 586 hand
350 540 453 605 pauca
473 518 701 593 inveniuntur,
725 536 809 600 quae
831 535 906 577 cum
925 513 1081 576 sententia
1103 502 1173 578 illo·

139 658 211 707 rum
231 644 411 720 repugnare
427 631 608 695 rideantur.
633 628 747 709 Quod,
765 650 843 712 age,
866 618 977 711 paullo
994 628 1175 692 accuratius

139 769 344 832 exponamus.
368 745 594 820 Callisthenes,
613 743 704 805 ouius
721 743 848 804 nomine
862 741 1024 826 inscripsit
1045 742 1175 819 librum,

140 861 317 945 discipulus
338 860 400 922 fuit
421 857 599 921 Aristotelis
628 867 660 918 ct
689 854 906 938 Theophrasto
937 854 1078 918 amicitia
1103 854 1177 936 jun·

141 987 224 1038 ctus.
248 971 466 1037 Alexandrum
485 981 593 1033 autem
612 971 647 1031 in
666 971 775 1032 Persas
796 967 1056 1052 progredientem
1075 991 1177 1032 conu-
1236 1040 1237 1046 ἵ

141 1097 235 1170 tatus,
258 1098 294 1149 nt
313 1087 381 1148 eius
404 1106 453 1148 res
473 1094 575 1168 gestas
592 1104 667 1145 eum
683 1082 753 1144 aliis
770 1080 930 1144 historicis
946 1079 1070 1164 scripto
1089 1102 1176 1144 man-

140 1177 241 1277 daret‚
265 1220 334 1263 mox
356 1197 564 1282 potentissimi
584 1195 681 1258 huius
694 1194 778 1277 regis
799 1193 938 1276 suscepit
957 1192 1079 1271 odium,
1103 1194 1177 1278 qula

40 1334 47 1350 ‘
141 1314 184 1378 ah
204 1312 387 1376 adulatione
409 1312 531 1375 alienus
562 1309 696 1372 liberius
719 1308 827 1371 dicere
857 1317 889 1369 et
919 1318 1015 1391 agere
1045 1308 1176 1385 solebat,

141 1428 183 1490 ita
197 1436 233 1489 ut
244 1425 372 1488 tandem
383 1424 460 1487 falsa
479 1422 666 1506 proditionis
681 1421 885 1484 accusatione
900 1418 973 1482 diro
982 1419 1179 1503 plecteretur

143 1538 302 1623 supplicio
315 1534 356 1621 ¹).
379 1537 483 1601 Huius
499 1535 601 1620 igitur
616 1543 751 1612 mortem
767 1533 945 1618 aegerrime
956 1533 1061 1595 ferens
1072 1533 1179 1597 Theo·

103 1670 105 1675 ’
142 1651 309 1735 phrastus,
331 1660 367 1712 ut
386 1648 545 1712 amicitiae
568 1645 802 1732 gratificaretur
822 1645 985 1723 sensibus,
1003 1646 1176 1731 simulque,

142 1776 181 1827 ut
195 1763 338 1840 videtur,
351 1777 446 1825 sunm
464 1761 623 1823 minueret
639 1759 801 1845 dolorem,
815 1759 934 1821 lihrum
945 1758 987 1822 de
997 1759 1092 1823 luctu
1103 1759 1179 1822 scri-

81 1922 85 1931 .
140 1868 217 1930 bere
237 1867 421 1944 constituit,
442 1864 581 1949 ideoque
600 1885 715 1926 nomen
734 1864 829 1926 amici
845 1863 952 1947 posuit
967 1863 1001 1926 in
1017 1863 1136 1931 frontet
1148 1860 1175 1950 ²)

140 1981 286 2044 Miseram
305 1991 413 2043 autem
433 1978 468 2040 in
486 1977 548 2041 hoc
578 1999 674 2060 opere
703 1977 873 2040 necessarii
895 1976 1075 2061 deploravit
1096 1995 1180 2039 snor-

141 2096 219 2169 te'm,
241 2090 328 2176 quod
345 2090 461 2154 diserte
481 2100 614 2154 testatur
633 2089 744 2153 Cicero
764 2089 896 2153 dicens:
919 2088 1180 2173 „Theophrastus

128 2205 307 2278 interitum
329 2202 499 2287 deplorans
520 2201 720 2266 Callisthenis
737 2201 854 2266 sodalis
875 2203 943 2280 sni,
965 2203 1063 2266 rebus
1085 2203 1181 2267 nter·

141 2315 232 2380 andri
255 2315 413 2401 prosperis
435 2317 586 2400 angitur:
615 2314 726 2399 itaque
756 2315 834 2378 dicit
853 2315 1080 2378 Callisthenem
1100 2306 1183 2379 lucie

142 2429 225 2492 disse
246 2429 280 2490 in
301 2428 462 2491 hominem
485 2449 607 2491 summa
638 2429 779 2512 potentia
809 2446 997 2512 summaque
1028 2428 1179 2506 fortuna,

143 2540 199 2604 sed
220 2541 380 2625 ignarum,
395 2540 675 2625 ‘quemadmodum
691 2541 787 2604 rebus
809 2541 957 2606 secarsdis
974 2540 1030 2628 uti
1059 2563 1180 2605 conre-

143 2654 262 2718 niret”.
275 2649 301 2737 ³)
342 2653 433 2735 Quae
452 2653 628 2730 sententia,
647 2653 724 2717 licet
745 2631 832 2717 haud
855 2653 942 2717 dicat
962 2648 1076 2741 Cicero
1094 2652 1181 2717 uude

142 2765 212 2830 cassi
223 2766 364 2829 hauserit
374 2776 501 2845 ,tamen
512 2765 571 2844 ‚dc
583 2768 749 2829 ‘communi
768 2767 983 2852 interpretum
988 2766 1129 2850 judicio,
1141 2789 1178 2833 er

142 2879 212 2940 eius
233 2879 315 2941 lihro
334 2878 374 2941 de
396 2880 488 2942 luctu
511 2877 656 2970 d'csumta
677 2879 817 2943 ridetur.
854 2881 959 2943 Prima
979 2900 1053 2942 vero
1075 2854 1180 2943 fronte

140 2991 220 3056 haec
239 2991 279 3055 ad
297 2991 423 3077 quidvis
439 2990 527 3055 aliud
540 2992 656 3075 potins,
677 3013 774 3076 quam
789 2992 828 3055 ad
842 2993 1089 3056 consolatorium
1102 3014 1181 3078 opus

140 3103 308 3167 reserenda
330 3102 501 3180 videntur,
525 3104 646 3188 quippe
668 3125 734 3188 qno
755 3106 857 3169 luctui
870 3105 1181 3190 nonindulgendum

140 3215 196 3278 sed
208 3213 463 3279 succurrendum
474 3215 525 3280 sit.
548 3216 590 3279 At
610 3238 683 3279 vero
695 3239 732 3303 ex
752 3218 906 3281 Cicerone
924 3219 1079 3296 norimus,
1097 3217 1182 3282 hauc

140 3327 358 3411 Peripateticis
384 3327 482 3390 fuisse
508 3327 548 3391 de
574 3329 671 3398 animi
701 3329 957 3427 aegritudinibus
979 3331 1181 3409 sententiam,

140 3537 349 3548 ..-----

173 3663 201 3729 1)
234 3665 312 3727 Quam
336 3670 445 3714 mortem
460 3668 552 3715 obierit
570 3670 752 3734 Callisthenes,
772 3672 840 3720 inter
857 3673 977 3735 antiquos
995 3687 1046 3720 non
1070 3674 1181 3720 constat.

85 3806 86 3809 ,
140 3759 197 3808 Vid.
221 3758 343 3806 Arrianus
358 3759 403 3808 lv.
424 3759 466 3809 14.
490 3766 517 3809 et
540 3762 779 3819 Freinshequsod
798 3767 915 3813 Curtium
930 3766 949 3813 l.
965 3765 1035 3813 VIII.
1049 3763 1121 3826 e..8,
1135 3761 1180 3813 21.

101 3911 105 3922 k
139 3852 176 3902 Ile
194 3849 354 3900 CallisthenIs
368 3853 447 3901 rebus
458 3855 493 3904 cs.
509 3855 583 3903 Stahr
600 3856 754 3906 Aristotelia
771 3859 792 3907 1.
808 3874 834 3922 p.
854 3857 903 3907 121
923 3874 987 3922 sqq.⁴

174 3941 201 4008 2)
235 3942 293 3991 vm.
306 3943 388 3992 suar.
408 3947 455 4011 op.
468 3949 486 3996 ι.
506 3965 531 4012 p.
550 3939 610 4000 tte.
627 3951 654 3999 m
673 3957 727 4000 not.

175 4035 201 4102 3)
236 4039 552 4098 cic.ros0.Q.111.10.
