2648 4844
622 306 662 369 4⁷

122 483 179 548 ille
202 495 292 548 ortus
313 495 346 546 et
362 484 510 547 interitus
527 487 627 549 nostri
646 506 812 570 nunquam
831 487 998 567 subsistat,
1018 489 1073 553 sed
1091 492 1158 555 sine

123 597 357 662 intermissione
373 597 438 660 labi
459 608 582 683 pergat.
617 589 678 662 Διό
705 595 759 660 καί
779 596 940 685 μοιρίδιον
961 597 1058 686 χρέος
1078 593 1159 668 εἶναι

123 705 249 794 λέγεται
269 700 307 771 τό
331 705 401 793 ζῆν,
424 698 470 781 ὠς
491 698 796 794 α’ποδοθησόμενον,
820 698 1055 774 όέδανείσαντο
1071 704 1160 798 ἡμῶν

124 817 156 884 οἱ
176 807 398 904 προπάτορες·
421 809 440 882 ὃ
462 810 501 904 δὴ
523 817 576 882 καί
598 809 737 891 εὐκόλως
757 817 971 906 καταβλητέον
991 820 1045 885 καί
1066 812 1160 886 οἷστε-

123 919 257 1007 νόινπως,
281 919 357 992 ὅταν
379 921 397 992 ό
421 926 570 1002 δανείσας
591 919 722 1015 οἷπαιτῇ.
736 925 761 1014 ¹)
778 919 946 1013 ε’Ἑχομεν
960 923 1021 1018 γάρ
1037 922 1076 996 τό
1093 930 1158 1018 ζῆν,

124 1029 238 1123 ὥσπερ
261 1035 587 1124 παρακαταθεμένοις
608 1037 759 1118 θεοῖςέξ
786 1029 935 1126 didymo,
962 1038 1016 1104 καί
1041 1030 1159 1107 τοίτου

124 1137 239 1235 χρόνος
261 1138 370 1220 ου’δείς
398 1144 482 1235 ἐστιν
509 1137 688 1234 ὡρισμένος
714 1149 772 1235 τῆς
804 1139 1011 1229 ἀποδόσεως,
1045 1142 1159 1237 ὥσπερ

123 1261 192 1330 τοῖς
214 1255 425 1344 τραπεζίταις
446 1257 504 1344 τῆς
524 1258 589 1322 τῶν
609 1250 778 1340 θεμάτων,
807 1248 873 1322 ἄλλ’
898 1249 1016 1346 όίδηλον
1036 1250 1119 1326 πότε
1141 1255 1160 1326 ὁ

124 1359 201 1441 δοός
223 1357 439 1456 ἀπαντήσειν)

166 1482 208 1544 Ut
238 1493 346 1545 autem
375 1495 510 1547 mortem
539 1505 601 1547 non
621 1486 760 1563 malum,
788 1485 842 1548 sed
858 1485 966 1569 potius
987 1486 1160 1550 maximum

123 1595 243 1658 bonum
263 1608 478 1690 proponeret,
511 1597 607 1660 immo
627 1599 709 1661 ritae
728 1597 988 1683 praeferendam,
1021 1599 1159 1662 Socratis

123 1711 267 1794 exemplo
287 1709 424 1773 diversas
447 1709 486 1773 de
507 1721 609 1774 morte
632 1710 801 1774 sententias
820 1721 1008 1794 persecutus
1020 1709 1157 1776 ridetur.

122 1823 166 1885 Ex
189 1823 352 1888 Socratica
372 1824 456 1886 enim
479 1825 715 1908 comparatione
737 1836 872 1887 mortem
893 1823 1037 1886 altissimi
1058 1825 1159 1886 somni

122 1955 187 1998 esse
207 1936 341 1998 similem
363 1936 508 2015 dicebat,
536 1949 634 2023 atque
652 1936 726 2000 inde
746 1937 921 2014 efficiebat,
942 1959 1012 2000 eam
1029 1937 1160 1999 minime

122 2070 189 2111 esse
210 2049 432 2128 metuendam,
457 2051 579 2136 quippe
602 2072 684 2136 quae
700 2062 771 2135 post
787 2051 869 2113 vitae
885 2049 1023 2112 infinitos
1035 2050 1160 2113 labores

122 2162 367 2246 placatissimam
396 2162 517 2225 homini
539 2162 731 2228 concederet
749 2164 901 2249 quietem.
938 2162 1082 2245 Quodsi,
1113 2163 1159 2227 sic

122 2275 276 2361 pergebat
318 2277 470 2354 Crantor,
511 2300 548 2341 er
588 2276 732 2341 eiusdem
769 2276 950 2361 philosophi
991 2298 1159 2360 compara-

122 2389 206 2452 tione
228 2400 276 2452 est
303 2391 450 2475 migratio
481 2412 518 2453 ex
540 2390 601 2454 hac
623 2401 707 2454 terra
729 2391 762 2452 in
782 2390 854 2453 illas
876 2391 1045 2474 regiones,
1078 2410 1158 2474 quas

123 2503 210 2586 quie
233 2503 296 2566 vita
314 2516 534 2582 excesserunt,
558 2505 715 2582 incolunt,
736 2503 815 2590 quid
831 2503 886 2566 illt
907 2515 953 2587 est
974 2503 1173 2591 optabilius,

123 2636 222 2700 quum
244 2638 301 2701 per
323 2637 393 2680 eam
412 2639 430 2679 a
451 2617 587 2681 vinculis
609 2617 704 2681 huius
726 2618 808 2680 vitae
837 2617 971 2701 eiusque
1000 2615 1158 2703 cupidita-

123 2729 204 2793 tibus
225 2729 363 2808 liberati,
384 2745 495 2793 rerum
517 2753 711 2815 cognoscere
731 2730 914 2815 possimus?
937 2731 1042 2793 Tertia
1062 2751 1158 2814 porro

123 2841 159 2906 de
180 2854 284 2906 morte
311 2845 486 2921 sententia,
520 2865 585 2928 qua
615 2856 646 2906 et
671 2844 795 2907 animus
824 2854 855 2906 et
881 2865 998 2928 corpus
1026 2844 1157 2906 interire

122 2968 272 3038 putatur,
293 2978 333 3018 ne
351 2957 430 3021 baec
452 2956 583 3043 quidem
602 2956 710 3036 habet,
733 2955 820 3041 quod
839 2955 959 3018 malum
979 2978 1048 3019 eam
1069 2954 1157 3018 dica-

121 3087 199 3134 mus.
236 3071 305 3133 Una
324 3071 409 3132 enim
434 3092 509 3135 cum
538 3071 601 3134 vita
629 3092 755 3133 omnem
782 3090 913 3155 quoque
940 3068 1157 3133 amitteremus

121 3201 268 3261 sensum,
307 3195 344 3248 ut
371 3204 478 3268 neque
506 3185 589 3248 bona
619 3205 725 3269 neque
751 3185 833 3248 mala
856 3185 1023 3270 percipere
1046 3205 1157 3268 posse-

121 3396 326 3413 Q-——h——ae-

149 3547 177 3613 1)
213 3551 281 3599 Plut.
295 3549 368 3601 Cous.
384 3550 419 3599 od
431 3551 515 3614 Apoll.
535 3548 630 3614 p.106.
647 3551 741 3599 Locum
756 3550 826 3601 hunc
836 3586 843 3612 ‚
855 3550 900 3612 qui
917 3549 1016 3612 verbis,
1036 3548 1156 3596 dictioni-

121 3658 180 3707 νινε,
217 3645 400 3709 compositione
427 3661 441 3693 a
464 3645 564 3707 reliquo
585 3644 731 3694 Plutarchei
753 3643 835 3692 libelli
854 3644 912 3692 stilo
930 3644 1033 3704 differt,
1058 3641 1155 3690 elibro

121 3736 246 3788 :tantoris
267 3739 424 3802 descriptum
445 3743 519 3803 putat
539 3738 673 3800 Wyttenb.
692 3745 779 3787 annot.
804 3728 886 3786 ad'h.
909 3737 942 3792 l.;
965 3751 1076 3799 quocum
1095 3737 1155 3785 facit

121 3831 234 3880 [leterius
249 3833 280 3879 ad
297 3833 322 3880 h.
340 3832 357 3880 l.
373 3833 408 3880 Cf.
426 3832 564 3880 Schneider
578 3832 594 3879 l.
609 3832 626 3879 l.
640 3849 664 3895 p.
678 3830 737 3880 843.

150 3923 177 3988 2)
213 3926 281 3973 Plut.
301 3925 366 3973 lbid.
383 3942 407 3988 p.
434 3924 491 3973 116.
515 3926 542 3972 B.
562 3924 703 3972 Verisimile
716 3930 773 3987 est,
792 3925 862 3972 bunc
878 3924 939 3971 item
954 3924 1040 3979 locum
1057 3923 1154 3971 Plutar-

121 4019 194 4067 num
211 4000 325 4067 cralton
343 4019 444 4068 serere.
461 4018 518 4065 vsa.
538 4018 592 4064 vin
611 4018 736 4082 nysewyk
753 4018 770 4066 1.
788 4019 804 4079 1,
826 4035 851 4082 p.
864 4009 913 4067 es?
