2648 4844
605 394 623 452 5

93 569 213 634 ciritati
241 566 403 646 adimere,
435 568 542 653 quoad
571 569 640 632 fieri
662 581 790 653 posset,
825 571 983 635 tristitiam
1013 596 1131 660 eosque
1232 597 1234 600 ⁴

92 684 130 748 ad
159 683 257 746 animi
278 680 541 767 aequabilitatem
562 681 718 745 reducere
740 682 919 750 studebant.
940 683 978 772 ¹).
1014 687 1130 753 Conso-

92 799 241 862 lationem
252 806 358 859 autem
377 797 588 881 praeciprurm
600 818 710 860 earum
729 799 928 882 propositum
940 800 1036 863 luisse
1056 801 1131 865 inde
1195 816 1200 825 “

92 932 221 998 quoque
260 921 359 995 patet,
394 908 481 995 quod
511 910 664 974 sermonis
696 911 928 976 consuetudine
958 903 1049 998 λόγοι
1067 906 1140 995 rso-¹

91 1022 300 1116 ραμοθηταιοὶ
328 1032 504 1102 vocantur,
529 1035 564 1086 ut
586 1035 675 1087 notat
697 1024 830 1087 Pollux:
853 1016 960 1112 Λόγοι
992 1019 1018 1092 d
1047 1026 1132 1115 ἐρεῖς

91 1132 360 1224 παραμοθητικοὶ,
384 1133 617 1222 παρηγορικοὶ,
640 1135 914 1222 παρηγορητικοὶ,
937 1138 1130 1219 νοοθετικοὶ,

91 1243 344 1335 σωφρονιστικοὶ
362 1244 415 1308 καὶ
436 1237 478 1308 τά
488 1238 596 1327 ὅμοια·
607 1243 692 1332 ἐρεῖς
711 1241 747 1309 δὲ
766 1243 819 1309 tot
839 1237 930 1331 λόγοι
949 1239 1129 1335 ἐπιτάφιοι,

90 1348 273 1445 ἐπικήδειον,
302 1353 439 1440 ἐλεγεῖα,
470 1346 706 1443 ἐπιγράμματα.
729 1355 754 1444 ²)
790 1359 910 1443 Sponte
940 1371 1046 1423 autem
1077 1360 1130 1425 hio

90 1471 266 1555 unicuique
301 1468 341 1531 ob
371 1479 511 1531 mentem
541 1463 684 1533 versatur
715 1473 880 1556 praeclara
910 1473 965 1536 illa
997 1474 1129 1538 Periclis

89 1582 172 1669 apud
191 1565 413 1668 Thucydidem
434 1583 578 1646 funebris
601 1585 720 1664 oratio,
756 1598 902 1650 nontam
923 1589 1060 1651 oratoria
1081 1590 1128 1653 fa-

89 1697 226 1776 cultate,
251 1717 315 1782 qua
327 1696 411 1759 cives
430 1718 489 1783 pro
512 1697 614 1780 patria
634 1709 775 1761 mortuos
788 1698 916 1777 laudat,
931 1686 1028 1784 quam
1047 1713 1127 1781 arte,

90 1833 151 1898 qua
169 1809 327 1897 populum
345 1808 573 1876 Atheniensem
590 1822 622 1873 et
638 1810 864 1877 defunctorum
875 1825 1034 1897 parentes,
1048 1815 1127 1878 libe·

89 1948 137 1990 ros
155 1937 191 1989 et
212 1925 327 1988 iratres
343 1944 447 2009 aequo
460 1945 527 1986 esse
546 1925 651 1987 auimo
663 1925 874 2005 adhortatur,
898 1949 961 1991 una
973 1929 1005 1990 in
1016 1932 1127 2012 paucis

87 2017 227 2124 insignis.
253 2035 278 2125 ³)
312 2036 464 2121 Ejusdem
488 2039 614 2122 generis
636 2052 683 2102 est
715 2061 789 2102 cum
812 2041 913 2103 oratio
944 2041 1031 2124 apud
1055 2042 1128 2107 Pla-

86 2160 191 2217 tonem
210 2154 244 2215 in
265 2153 438 2217 Menexeno
458 2161 490 2214 et
501 2152 648 2216 Isocratis
661 2155 762 2217 oratio
781 2155 814 2216 in
835 2155 1031 2240 Magorum,
1055 2167 1124 2220 tum

86 2264 229 2331 Aristidis
251 2267 351 2330 oratio
373 2267 430 2331 XI.
455 2261 502 2337 εἰς
522 2255 675 2330 Ἐτειάνεα
701 2256 896 2354 ἐπικήδειος,
923 2278 955 2331 et
977 2268 1049 2334 XII.
1076 2259 1124 2332 ἐπ’

87 2369 284 2465 Ἀλεξάνδρῳ
296 2368 480 2465 ἐπιτάφιος,
489 2388 557 2440 tum
567 2399 650 2462 quae
661 2379 810 2442 seruntur
822 2381 1003 2444 nominibus
1014 2382 1123 2466 Lysiae

91 2488 362 2569 etDemosthenis‚‘
370 2489 457 2554 illius
469 2490 601 2576 quidem
610 2480 786 2578 ἐπιτάφιος
795 2493 865 2564 τοῖς
873 2491 937 2557 τῶν
946 2490 1127 2579 Κορινθίων

89 2605 237 2690 βοηθοῖς,
249 2603 345 2668 huius
353 2625 429 2669 vero
442 2605 554 2683 oratio,
563 2625 627 2690 qua
636 2625 673 2666 ex
686 2603 807 2698 solenni
819 2626 907 2667 more
916 2603 1125 2668 Athenienses

116 2929 142 2995 1)
177 2932 251 2980 Iluno
274 2944 371 2980 morem
395 2931 514 2980 laudandi
540 2931 675 2978 defunctos
702 2929 796 2977 milites
822 2930 993 2979 Athenienses
1016 2933 1048 2980 ob
1075 2909 1125 2982 Ae-

86 3025 175 3090 gyptiis
189 3029 319 3075 mutuasse
332 3029 422 3074 auctor
432 3033 470 3075 est
479 3026 551 3086 Diog.
563 3027 656 3087 baert,
666 3028 787 3071 monente
802 3023 943 3087 interprete
953 3026 984 3072 od
994 3025 1123 3074 Demostb.

87 3101 237 3190 ἐπιτάφιον
251 3103 341 3189 λόγον
357 3119 425 3182 init,
445 3120 490 3182 qui
511 3126 597 3167 minen
613 3119 704 3166 Laertii
724 3118 808 3166 locum
824 3134 876 3166 nou
895 3119 1025 3166 indicavit.
1061 3119 1125 3167 Solis

86 3225 142 3260 vero
166 3208 367 3262 Atheniensibus
388 3215 458 3262 huno
480 3229 576 3262 morem
597 3213 728 3277 proprium
750 3213 827 3261 luisse
846 3213 973 3275 judicavit
993 3214 1123 3264 Demostb.

85 3306 140 3354 odo.
155 3307 227 3369 [νομί.
244 3324 269 3371 p.
287 3303 338 3355 499
348 3308 375 3357 B.
394 3309 478 3356 etde
497 3307 648 3356 funebribus
667 3307 824 3355 orationibus
839 3307 980 3355 Stullbuum
1000 3309 1123 3374 Protogg.

85 3399 116 3448 ad
127 3399 197 3448 Ptat.
214 3401 390 3449 Meoeesnum.

115 3490 142 3558 2)
177 3493 268 3543 Pollux
283 3495 329 3544 111.
346 3493 405 3544 100.
424 3496 555 3543 Praeclare
571 3496 603 3543 de
619 3495 720 3543 funebri
736 3495 849 3542 oratione
860 3494 931 3544 Pluto
950 3495 976 3543 iu
987 3495 1124 3542 Menexeno

83 3585 166 3649 pite
181 3588 208 3635 s.
233 3578 282 3639 δεῖ
300 3573 340 3659 dri
362 3571 496 3640 τοιοάτοο
517 3574 597 3652 τινάς
611 3571 715 3657 λόγον,
739 3571 820 3652 ὅστις
837 3573 907 3652 τούς
923 3576 980 3656 μὲν
994 3580 1123 3638 τετελευ-

82 3672 208 3758 τηκότας
229 3677 335 3753 ἱκανῶς
357 3674 549 3754 ἐπαινέσεται,
576 3683 638 3754 τοῖς
659 3677 694 3756 δὲ
717 3679 808 3754 ζῶσιν
830 3675 959 3757 εὐμενῶς
979 3672 1119 3758 παραινέ-

82 3795 174 3857 σεται,
197 3775 327 3862 ἐκγόνοις
346 3778 403 3861 μὲν
423 3780 472 3843 καὶ
494 3777 634 3864 αἰῖελφοῖς
654 3775 884 3861 μιμεῖσθαιτήν
900 3780 997 3840 τιν’νιῖε
1013 3774 1123 3861 α’ρετήν

80 3876 359 3966 παρακελευόμενος,
375 3879 505 3968 πατέρας
520 3881 555 3944 di
569 3882 618 3944 καὶ
632 3879 765 3965 μητέρας
778 3880 828 3943 καὶ
842 3879 864 3944 εἰ
879 3906 953 3956 τινες
967 3882 1029 3943 τῶν
1042 3877 1121 3942 ἄνοι-

82 3989 137 4047 θεν
159 3981 201 4048 ἔτι
222 3979 377 4069 προγόνων
399 3981 559 4061 λειπόνται,
582 3978 705 4059 τούτους
727 3983 763 4047 δὲ
785 3978 1066 4069 παραμυθούμενος.

113 4085 140 4153 3)
175 4090 289 4153 Thucyd.
308 4090 341 4138 11.
358 4089 400 4138 35.
