2648 4844
674 303 714 360 14

179 484 256 560 tuit,
289 484 369 568 quin
398 502 552 544 summam
581 481 768 543 felicitatem
794 479 915 543 homiui
944 482 977 542 in
1008 482 1068 545 bac
1092 494 1216 547 tantum

179 597 242 660 vita
261 594 490 682 assequendam
513 616 579 657 esse
598 594 736 680 ideoque
754 595 972 658 calamitatum
993 573 1213 675 acerbitatem,

180 709 285 795 quoad
307 709 376 772 ficri
398 721 525 794 posset,
549 731 615 771 esse
637 708 843 772 minuendam
864 719 1003 793 putaret.
1026 710 1108 772 Hinc
1130 733 1215 773 sum-

178 845 267 887 mum
286 824 433 887 bonum
424 845 458 885 m
478 811 622 901 εοθομία
637 825 774 907 positum
792 845 859 885 esse
873 823 1033 917 censebat,
1057 845 1155 909 quam
1173 825 1216 889 ita

179 937 351 1001 definiebat
370 925 478 998 μηθ’ί
469 927 506 1022 η’ν
526 933 669 1020 γαληνῶς
689 933 743 998 καὶ
765 925 971 1021 εὐσταθῶςῆ
987 927 1078 1023 ψοχη
1098 926 1216 1021 διάγει,
1277 1000 1286 1019 ,

178 1039 246 1114 uno
276 1039 413 1136 μηδενὸς
444 1042 662 1133 ταραττομένη
694 1036 866 1133 φόβου,’
855 1070 874 1133 η
901 1039 1218 1129 δεισιδαιμονίας,’
1197 1074 1217 1135 η

180 1151 280 1225 οἷλλοῠ
305 1151 391 1232 τινος
410 1147 638 1244 πάθους,1)
629 1178 726 1222 immo
758 1159 798 1222 de
829 1180 865 1222 oa
886 1158 959 1222 data
981 1172 1078 1244 opera
1099 1162 1192 1247 egit
1183 1184 1217 1224 m

180 1299 299 1363 opere,
332 1276 419 1363 quod
451 1262 548 1339 titulo
576 1269 674 1358 κέρας
695 1264 874 1356 ἅμαλθείοτς
896 1296 973 1338 enm-
992 1276 1217 1360 conscripsisse

180 1403 292 1454 auctor
320 1402 366 1453 est
395 1390 552 1474 Diogenes
573 1389 725 1452 Laertius.
759 1389 949 1452 accuratius
975 1390 1075 1474 igitur
1096 1389 1137 1453 de
1155 1390 1217 1453 hoc

181 1527 278 1590 opero
294 1525 443 1592 agamus,
471 1515 507 1566 ut
524 1503 602 1588 quid
618 1503 673 1565 ille
690 1502 729 1565 de
746 1512 854 1565 nostro
869 1504 940 1566 loco
957 1505 1134 1583 monuerit,
1156 1505 1218 1568 ha-

180 1620 311 1683 beamus
329 1622 544 1703 perspectum.

226 1734 333 1801 Verba
362 1732 500 1809 Laertii,
528 1731 583 1794 ubi
612 1730 652 1793 de
672 1728 734 1793 hoc
749 1731 924 1794 Democriti
944 1731 1027 1794 libro
1051 1732 1216 1816 loquitur,

181 1847 274 1911 valde
291 1857 454 1931 corrupta,
471 1846 515 1909 ita
530 1844 716 1927 conjectura
736 1844 1102 1909 emendavitFabricius:
1118 1837 1220 1927 ἄμαλ-

182 1957 289 2031 θείας
302 1955 398 2044 κέρας
419 1949 441 2044 ἢ
461 1954 541 2043 περὶ
564 1947 724 2042 εὐθυμίης
740 1947 977 2044 ὑπομνημάτων
993 1949 1116 2044 ἠθικῶν
1132 1948 1161 2047 ἡ.
1182 1950 1225 2025 Ἠ

182 2063 243 2156 γὰρ
266 2060 387 2134 cucuso)
417 2061 477 2152 mix
507 2063 698 2158 εὑρίσκεται.
710 2068 736 2158 ²)
783 2074 851 2134 Hoc
880 2073 980 2157 igitur
1012 2074 1127 2135 summi
1161 2073 1220 2136 viri

182 2183 223 2247 de
244 2183 305 2246 boc
325 2205 422 2268 opere
449 2196 496 2248 est
521 2183 694 2266 judicium,
725 2174 901 2248 cousiitisse
925 2186 1007 2249 illud
1037 2209 1150 2250 novem
1177 2188 1220 2250 li-

91 2290 96 2301 *
182 2298 266 2375 bris,
294 2319 332 2360 ao
354 2298 495 2382 singulos
516 2298 615 2361 libros
638 2298 772 2383 singulis
790 2299 891 2362 titulis
912 2300 1081 2384 inscriptos
1103 2301 1219 2379 fuisse,

184 2433 221 2474 ex
250 2411 344 2474 variis
371 2412 662 2496 appellationibus,
694 2413 810 2498 quibus
832 2434 990 2476 summum
1011 2413 1132 2475 bonum
1161 2415 1221 2477 de·
1286 2401 1289 2406 ’

73 2531 80 2536 “
184 2524 341 2610 signabat,
364 2525 527 2603 desumtis,
548 2537 584 2588 ut
601 2546 671 2589 v.c.
691 2546 774 2588 unus
796 2526 1026 2588 inscriberetur
1048 2517 1221 2613 οἷταραξίη,

181 2638 263 2700 alius
296 2631 455 2724 οἷθαμβίη,
498 2637 579 2700 alius
612 2628 836 2724 οἷθαομαστίη,
867 2639 946 2702 alius
978 2640 1119 2724 deniquo
1143 2636 1223 2724 περὶ

183 2747 312 2827 τέλους,
338 2749 423 2833 quia
445 2750 607 2825 Clemente
629 2750 719 2815 Alex.
745 2751 904 2816 laudatur.
919 2749 944 2836 ³)
970 2755 1093 2816 Horum
1114 2762 1221 2816 autem

187 3050 189 3054 ’
220 3072 245 3136 1)
281 3077 352 3138 mog.
374 3077 511 3124 taenia.
530 3073 570 3122 45.

217 3166 244 3229 2)
280 3169 320 3216 Sic
336 3169 403 3233 apud
420 3170 490 3230 Diog.
509 3170 589 3217 laert.
601 3171 643 3218 tx.
661 3170 708 3234 46,
719 3173 856 3222 Democriti
866 3176 960 3238 scripta
976 3175 1059 3222 ethica
1073 3190 1223 3232 enumeran-

185 3267 255 3324 tem,
274 3262 421 3324 tegebatur:
444 3248 627 3332 Ἀμαῇθείας
646 3249 742 3339 κέρας.
763 3255 842 3340 Περὶ
863 3252 1019 3340 εὐθυμίης.
1031 3251 1223 3340 Ὑπομνημά-

183 3375 243 3415 των
268 3347 289 3434 ἢ
314 3349 409 3414 olitana
454 3350 494 3416 ‘H
520 3351 577 3439 γάρ
605 3351 715 3419 aucotol
742 3352 802 3438 οὐχ
828 3354 996 3442 εὑρίσκεται.
1037 3370 1136 3418 Primus
1153 3370 1224 3417 huno

183 3455 270 3505 locum
286 3458 437 3507 emendandi
453 3461 553 3522 signum
569 3461 672 3509 sustulit
684 3462 828 3525 Stephanus
841 3463 989 3512 llonuchiua
1000 3463 1163 3527 conjiciendo
1177 3479 1224 3527 pro

183 3533 207 3621 ἢ
228 3537 323 3615 ollttuv,
346 3537 472 3622 ἠθικῶν.
496 3554 552 3601 vid.
568 3555 695 3616 llenugiua
713 3555 744 3603 ad
764 3556 790 3604 h.
808 3557 825 3604 l.

218 3639 245 3705 3)
280 3645 357 3693 Clcm.
372 3646 443 3695 Alex.
464 3635 583 3695 DStrom.
598 3664 623 3711 p.
637 3646 695 3696 417.
715 3650 811 3697 Fabric.
831 3651 901 3698 Bibl.
924 3651 967 3697 Gr.
985 3651 1004 3697 1.
1022 3667 1046 3714 p.
1064 3648 1123 3698 764.
1143 3651 1225 3698 llinua

184 3751 245 3784 voro
265 3738 367 3800 placet,
394 3740 476 3788 virum
498 3742 547 3789 cel.
566 3741 633 3789 inter
649 3741 725 3790 hosce
745 3743 833 3790 titulos
848 3743 924 3791 etiam
941 3727 1029 3814 κε’ρας
1057 3729 1226 3812 α’μαλθείας

185 3833 212 3876 et
235 3820 302 3901 περὶ
323 3816 472 3904 εὐθυμίης
493 3835 570 3882 luisse
592 3834 704 3898 opinari,
726 3836 771 3898 qui
796 3837 920 3902 generalia
950 3837 1029 3884 totius
1053 3838 1137 3901 operia
1161 3837 1226 3885 titu-

185 3922 225 3969 lut
243 3923 318 3970 suinae
338 3925 447 3973 videtur.
488 3927 593 3975 Initium
616 3933 701 4000 autem
726 3929 785 3978 libri
812 3931 921 3978 servavit
942 3931 1064 3978 Stobaeua
1091 3931 1157 3977 Flor.
1183 3930 1223 3977 tit.
1309 3935 1311 3940 '

185 4012 245 4076 103,
256 4013 289 4063 25
308 4017 352 4064 Ed.
374 4019 461 4080 Gaias„
476 4019 546 4082 quod
564 4020 590 4067 in
607 4021 875 4082 Lutinmn·aet⁴monett1
894 4024 1078 4091 vertit'Senebtr
1095 4023 1126 4071 dc
1141 4030 1224 4085 tranq.
