2648 4844
635 312 677 374 ll

138 492 252 555 tudine
268 491 413 555 honines
429 492 581 556 liberaret
599 511 721 576 eosque
736 489 776 554 ad
794 489 892 553 animi
910 489 1176 576 aequabilitatem

138 597 319 671 reduceret.
333 603 360 691 ¹)

612 859 641 941 §-
667 859 698 921 s.

512 1042 802 1108 Crantor

182 1235 222 1298 Et
250 1235 296 1298 sic
326 1233 458 1322 quidem
486 1233 520 1297 in
550 1233 751 1297 recensendis
781 1234 1013 1319 scriptoribus,
1046 1234 1103 1319 qui
1135 1234 1176 1298 de

139 1347 355 1412 consolatione
374 1358 531 1433 egerunt,
565 1358 677 1431 sponte
698 1347 900 1431 pervenimus
921 1346 962 1410 ad
989 1347 1175 1411 Crantorem

138 1462 320 1539 Solensem,
352 1460 544 1526 Academiae
566 1459 812 1545 philosophum,
844 1472 942 1547 atque
971 1461 1114 1523 omnium
1142 1462 1177 1524 in

138 1575 292 1638 hocloco
314 1574 493 1659 principem
514 1573 708 1639 babendum.
744 1573 832 1657 Quos
862 1575 947 1637 enim
975 1573 1082 1638 adbuc
1109 1586 1177 1638 tra-

140 1689 293 1753 ctavimus
322 1687 546 1774 philosophos,
589 1688 691 1774 magis
727 1682 759 1748 ἐν
780 1683 936 1774 παρέργῳ
967 1688 1178 1752 consolatoria

139 1814 329 1888 argumenta
349 1802 509 1888 attigisse,
542 1823 640 1888 quam
662 1801 912 1866 consolationem
940 1802 1102 1887 scripsisse
1128 1800 1179 1865 di·

140 1914 235 1979 cendi
253 1926 338 1994 sunt,
362 1936 464 2001 quum
481 1916 532 1979 illi
554 1937 661 1979 omnes
687 1915 738 1977 vel
760 1913 800 1976 de
818 1914 915 1978 animi
933 1892 1177 2002 tranquillitate,

138 2027 251 2111 rel-de
272 2039 385 2109 morte,
406 2030 456 2092 vel
474 2028 514 2092 de
535 2027 640 2091 animo
659 2027 798 2093 humano
815 2027 1056 2112 disputaverint,
1076 2029 1179 2095 Cran-

139 2152 189 2205 tor
208 2161 282 2204 vero
299 2141 429 2221 libello,
453 2142 511 2228 qui
527 2141 764 2206 inscribebatur
785 2135 865 2224 περὶ
880 2137 1041 2221 πένθους,
1064 2165 1179 2207 conso·

140 2255 222 2349 latus
233 2254 423 2340 Hippoclem
435 2254 596 2342 quendam
609 2254 650 2318 de
660 2265 762 2319 morte
773 2255 962 2335 liberorum,
982 2257 1180 2340 argumentis

28 2427 30 2430 .
140 2367 308 2447 omnibus,
332 2389 415 2458 quae
436 2369 497 2454 ipsi
518 2363 776 2455 suppeditaverat
796 2367 1018 2457 philosophia,
1049 2369 1179 2456 egregie

139 2501 216 2544 usus
246 2491 303 2547 est.
338 2481 460 2562 Quodsi
489 2493 674 2569 reputamus
701 2482 909 2568 antiquorum
932 2480 1063 2574 deboc
1081 2484 1180 2548 libel-

140 2594 172 2657 lo
194 2592 340 2678 judicia,
372 2606 405 2658 et
421 2595 572 2681 Diogenis
592 2596 709 2661 Lae’rtii
736 2595 888 2660 dicentis:
916 2583 1182 2674 &considerandi

140 2694 242 2770 αὐτοῦ
256 2695 396 2787 μάλιστα
410 2705 537 2787 βιβλίον
551 2697 590 2771 ad
609 2705 688 2795 περὶ
704 2705 863 2788 πένθους,
875 2703 902 2793 ²)
922 2720 953 2771 et
964 2708 1125 2773 Ciceronis
1136 2708 1181 2772 ita

140 2817 326 2883 scribentis:
350 2818 497 2905 legimus
508 2841 619 2882 omnes
629 2820 826 2904 Crantoris,
841 2823 966 2884 veteris
975 2820 1182 2902 Academici,

34 2925 37 2930 ’
141 2928 180 2992 de
198 2930 330 3010 Luctu3
356 2945 406 2996 eat
431 2936 523 2996 enim
538 2956 605 2997 nors
621 2955 785 3020 magnus,
802 2956 920 2997 oerum
939 2935 1116 3024 aureolus,
1135 2949 1178 3014 et,

141 3058 181 3109 ut
191 3043 359 3109 Tuberoni
366 3045 561 3122 Panaetius
571 3049 757 3130 praecipit,
774 3045 820 3109 od
829 3046 967 3110 verbum
977 3023 1180 3112 *ediscendus

145 3157 284 3222 libellus
292 3184 306 3236 3
319 3155 345 3244 3)
367 3180 431 3223 non
442 3158 590 3243 exiguam
602 3168 689 3222 certe
708 3158 839 3223 dolendi
850 3160 1006 3224 babemus
1024 3183 1179 3239 caussam,

177 3455 205 3521 1)
238 3458 290 3508 Cio.
308 3460 384 3508 Tuae.
401 3457 596 3523 Q;V.80,81.
613 3462 653 3508 De
669 3461 745 3509 ttae
761 3461 796 3508 ll.
812 3459 845 3525 8,
865 3458 889 3508 5.
908 3457 1068 3523 sq‚V.5,7
1101 3461 1180 3511 etde

141 3566 175 3602 eo
191 3554 270 3607 brutis
285 3555 354 3602 oret.
369 3554 425 3601 Art,
442 3566 468 3617 p.
486 3551 537 3602 19⁷
551 3568 608 3617 sqq.
936 3549 940 3555 “

176 3642 203 3710 2)
238 3648 309 3710 lllog.
325 3646 459 3697 trtnuv,
475 3644 518 3699 27.
1094 3692 1095 3695 ,

176 3735 203 3802 8)
239 3741 289 3788 Clo.
299 3740 381 3788 Aeod.
398 3739 432 3788 Π.
449 3739 491 3789 44.
505 3741 593 3790 Cicero
605 3752 709 3805 qnoque
723 3740 751 3788 ln
760 3739 934 3788 consolatione
948 3741 1030 3803 strada
1039 3741 1113 3788 obitu
1121 3741 1181 3788 'lul-

143 3832 193 3880 liae
214 3833 341 3881 Crantoris
362 3832 456 3882 librum
471 3835 578 3884 maxime
595 3838 700 3883 secutur
714 3838 772 3896 aas,
794 3833 904 3882 washun
926 3833 1010 3881 Plinio
1025 3834 1096 3881 Hiot.
1116 3834 1181 3882 Not.

145 3925 233 3986 Praes.
247 3931 275 3974 et
289 3927 441 3991 Hieronymo
454 3928 578 3994 Epitoplr.
592 3925 685 3992 Nepet.
697 3943 720 3976 c.
733 3924 761 3976 4.
777 3925 814 3977 Gi.
825 3927 914 3976 butria
925 3927 976 3975 moi
989 3928 1082 3975 Cicero
1095 3920 1181 3998 φιλο·

144 4001 272 4071 uldrwv.
302 4038 327 4085 p.
341 4019 469 4084 Μαίη.
528 4070 539 4079 ,
1210 4003 1212 4006 V
