2648 4844
647 302 689 362 66

148 481 188 544 de
206 481 333 544 fortuna
352 480 474 542 dotum
496 490 690 541 memoretur
709 480 750 541 ab
767 480 928 563 antiquis:
954 480 1125 563 Occupooe'
1141 493 1186 560 te,

143 593 313 680 fortune,
333 606 435 677 etque
455 595 527 674 capi
536 643 543 668 ,
567 614 741 678 omnesque
758 592 877 655 editoe
893 606 969 656 tuor
985 594 1188 673 interclusi,

151 720 188 769 ut
214 705 260 768 ud
284 728 334 768 me
358 706 540 789 adspira-re
560 728 624 767 uon
645 727 766 789 poseee.
780 702 805 790 ¹)

626 1001 644 1083 ς
677 1000 709 1060 7.

216 1189 402 1275 Diogenes,
427 1186 621 1265 Cleanthes,
657 1185 886 1270 Chrysippus,
910 1183 1121 1266 Panaetiue,

463 1306 691 1383 Posidonius,
715 1304 874 1371 Galenus.

191 1548 307 1616 Veniat
335 1547 493 1632 Diogenes
520 1546 678 1632 Cynicus,
712 1547 769 1632 qui
790 1538 909 1608 librum
940 1543 1020 1632 περὶ
1040 1534 1187 1613 Boudroe

145 1662 290 1748 scripsit,
324 1661 349 1723 si
377 1682 451 1723 vere
471 1661 500 1721 ci
520 1661 707 1724 tribuuntur
740 1659 877 1743 scripta,
909 1680 992 1744 qnae
1018 1680 1037 1721 a
1061 1660 1186 1722 Laertio

144 1786 362 1840 recensentur.
376 1771 402 1858 2)
427 1773 520 1836 Liber
538 1784 645 1836 antem
665 1773 738 1851 hic,
766 1784 802 1835 ut
816 1784 940 1836 caetera
961 1772 1028 1834 eins
1047 1774 1185 1856 scripta,

143 1887 240 1974 periit
261 1898 367 1964 totus,
399 1896 434 1948 nt
455 1885 592 1948 adeone
619 1885 805 1967 conjectura
838 1885 921 1947 effici
953 1885 1070 1969 possit,
1102 1908 1186 1971 quae

144 2003 212 2064 eins
233 2001 332 2062 suerit
361 2000 452 2062 ratio.
499 1998 611 2082 Neque
634 1999 748 2075 etiam,
780 1999 862 2083 quae
886 1997 980 2061 huius
1002 1997 1185 2084 philosophi

144 2111 241 2177 fuerit
253 2111 293 2174 de
305 2123 407 2173 morto
430 2110 594 2188 doctrina,
615 2111 798 2173 animumne
811 2111 978 2174 mortalem
990 2110 1123 2190 dixerit,
1145 2137 1185 2177 au

144 2236 215 2310 post
233 2236 367 2288 mortem
387 2234 509 2286 exstare
537 2234 567 2285 et
585 2225 691 2285 virere
712 2225 890 2300 censuerit,
919 2236 1052 2288 constat.
1089 2226 1184 2307 Quod

142 2339 227 2401 enim
251 2338 319 2402 eius
346 2338 485 2401 refertur
515 2338 659 2415 dictum,
688 2337 745 2399 nil
765 2361 830 2400 eoa
857 2341 1035 2415 interesse,
1066 2353 1185 2404 utrem

142 2451 364 2536 sepeliretur,
383 2475 429 2514 are
445 2475 465 2514 α
482 2451 579 2537 ferie
599 2451 809 2529 laniaretur,
841 2455 964 2537 quippe
991 2452 1089 2515 nihil
1112 2478 1184 2516 een·

144 2565 254 2627 tirio
273 2576 425 2643 mortuo,
448 2576 479 2627 et
501 2585 707 2648 responsum,
732 2564 819 2649 qnod
842 2566 1075 2650 interroganti,
1099 2589 1184 2631 mors

144 2687 265 2740 essetne
282 2677 422 2756 malum,
444 2677 550 2740 dedit:
573 2676 732 2762 quomodo
748 2679 950 2757 maturuere,
970 2682 1069 2742 cuiue
1079 2703 1185 2765 prae-

141 2792 252 2852 sentis
276 2788 397 2852 nullus
427 2803 476 2853 eet
501 2788 680 2876 sensum)
712 2791 752 2854 de
783 2813 919 2884 qorpore
948 2813 1050 2876 aeque
1078 2816 1116 2857 ac
1143 2795 1183 2858 de

140 2903 245 2966 ariimo
261 2903 365 2987 accipi
385 2915 527 2987 possunt.
553 2906 731 2985 Quocirca,
750 2918 786 2969 nt
807 2927 845 2967 ne
866 2905 1067 2986 conjiciendo
1089 2909 1182 2970 nimis

141 3037 256 3079 avero
275 3017 480 3094 aberremus,
503 3017 564 3079 hoc
587 3018 699 3094 misso,
723 3017 762 3080 ad
784 3018 862 3081 alios
887 3041 1105 3103 properemus.

185 3129 232 3190 De
254 3129 368 3190 Stoicis
384 3125 485 3212 igitur
502 3128 681 3207 videamus,
704 3152 782 3215 qnos
797 3154 991 3217 magnopere
1009 3133 1095 3197 hunc
1108 3135 1180 3219 phi·

140 3238 303 3322 losophiae
321 3238 445 3318 locum,
469 3241 525 3326 qui
545 3253 591 3304 est
613 3242 653 3305 de
675 3245 1051 3325 auferendisdoloribnS,
1075 3249 1180 3332 expli-

141 3352 245 3416 cuisse
273 3353 429 3420 novimus.
474 3357 553 3420 Cum
583 3359 668 3420 enim
694 3358 789 3422 huius
820 3371 924 3422 sectae
957 3383 1072 3446 parens
1092 3363 1180 3425 Zeno

175 3650 201 3714 1)
238 3651 292 3702 Cic.
315 3655 389 3701 Tisse.
408 3654 436 3711 Q.
456 3654 486 3704 V,
506 3655 530 3703 9.
551 3659 645 3704 Graece
661 3657 724 3705 heeo
744 3661 866 3720 leguntur
879 3663 946 3723 opud
966 3662 1033 3708 Plnt.
1047 3652 1114 3729 ssepi
1130 3647 1179 3714 ed-

140 3732 256 3812 θυμίας
271 3762 296 3810 p.
315 3744 374 3794 476.
395 3746 422 3798 C.
1184 3787 1188 3795 ,

175 3834 201 3898 ²)
236 3838 306 3901 Diog.
322 3841 403 3891 Lucrt.
419 3840 460 3890 vl.
474 3839 516 3890 80.
535 3841 574 3892 Cf.
591 3843 723 3906 Wyttenb.
742 3848 817 3910 Disp.
833 3848 863 3894 de
878 3864 919 3895 en.
932 3850 1039 3896 imnwrt.
1059 3866 1083 3912 p.
1099 3848 1158 3914 ete.

174 3925 201 3991 3)
235 3931 306 3992 Βίοις.
320 3935 400 3982 tuere.
416 3933 458 3984 Vt.
477 3933 519 3984 68.
530 3942 556 3984 et
570 3936 623 3989 Cic.
640 3941 715 3986 Tarso.
737 3941 766 3997 Q.
787 3940 804 3989 l.
821 3939 863 4001 43,
879 3957 943 4003 quos
958 3943 1044 3990 laudnt
1058 3944 1179 4007 Wytten·

137 4020 244 4070 bachius
262 4023 310 4071 1.1.
