<?xml version="1.0" encoding="UTF-8"?>
<!DOCTYPE html PUBLIC "-//W3C//DTD XHTML 1.0 Transitional//EN"
    "http://www.w3.org/TR/xhtml1/DTD/xhtml1-transitional.dtd">
<html xmlns="http://www.w3.org/1999/xhtml" xml:lang="en" lang="en">
 <head>
  <title>
</title>
<meta http-equiv="Content-Type" content="text/html;charset=utf-8" />
  <meta name='ocr-system' content='tesseract 3.04.00' />
  <meta name='ocr-capabilities' content='ocr_page ocr_carea ocr_par ocr_line ocrx_word'/>
</head>
<body>
  <div class='ocr_page' id='page_1' title='image "./diatribeinlocum00heusgoog_0236.png"; bbox 0 0 2648 4844; ppageno 0'>
   <div class='ocr_carea' id='block_1_1' title="bbox 634 325 707 421">
    <p class='ocr_par' dir='ltr' id='par_1_1' title="bbox 634 325 707 421">
     <span class='ocr_line' id='line_1_1' title="bbox 634 325 707 421; baseline 0 -36"><span class='ocrx_word' id='word_1_1' title='bbox 634 325 707 421; x_wconf 74' lang='grc' dir='ltr'>135ι</span> 
     </span>
    </p>
   </div>
   <div class='ocr_carea' id='block_1_2' title="bbox 184 500 1286 590">
    <p class='ocr_par' dir='ltr' id='par_1_2' title="bbox 184 500 1286 590">
     <span class='ocr_line' id='line_1_2' title="bbox 184 500 1286 590; baseline 0.003 -26"><span class='ocrx_word' id='word_1_2' title='bbox 184 501 227 564; x_wconf 83' lang='lat' dir='ltr'>Ex</span> <span class='ocrx_word' id='word_1_3' title='bbox 249 500 360 564; x_wconf 87' lang='lat' dir='ltr'>eadem</span> <span class='ocrx_word' id='word_1_4' title='bbox 380 501 537 564; x_wconf 80' lang='lat' dir='ltr'><strong>humanae</strong></span> <span class='ocrx_word' id='word_1_5' title='bbox 563 503 753 566; x_wconf 84' lang='lat' dir='ltr'>conditionis</span> <span class='ocrx_word' id='word_1_6' title='bbox 780 501 1002 587; x_wconf 82' lang='lat' dir='ltr'>disquisitione</span> <span class='ocrx_word' id='word_1_7' title='bbox 1017 502 1105 566; x_wconf 84' lang='lat' dir='ltr'>aliud</span> <span class='ocrx_word' id='word_1_8' title='bbox 1125 502 1183 566; x_wconf 87' lang='lat' dir='ltr'>eli·</span> <span class='ocrx_word' id='word_1_9' title='bbox 1283 586 1286 590; x_wconf 13' lang='grc' dir='ltr'><strong>ῃ</strong></span> 
     </span>
    </p>
   </div>
   <div class='ocr_carea' id='block_1_3' title="bbox 137 614 1202 1039">
    <p class='ocr_par' dir='ltr' id='par_1_3' title="bbox 137 614 1202 1039">
     <span class='ocr_line' id='line_1_3' title="bbox 137 614 1184 699; baseline 0.004 -23"><span class='ocrx_word' id='word_1_10' title='bbox 137 615 268 677; x_wconf 83' lang='lat' dir='ltr'>ciebant</span> <span class='ocrx_word' id='word_1_11' title='bbox 289 626 532 699; x_wconf 83' lang='lat' dir='ltr'>argumentum,</span> <span class='ocrx_word' id='word_1_12' title='bbox 557 638 575 678; x_wconf 92' lang='lat' dir='ltr'>a</span> <span class='ocrx_word' id='word_1_13' title='bbox 597 617 705 678; x_wconf 86' lang='lat' dir='ltr'>multis</span> <span class='ocrx_word' id='word_1_14' title='bbox 728 614 909 679; x_wconf 86' lang='lat' dir='ltr'>adhibitum</span> <span class='ocrx_word' id='word_1_15' title='bbox 933 618 966 679; x_wconf 91' lang='lat' dir='ltr'>in</span> <span class='ocrx_word' id='word_1_16' title='bbox 990 616 1184 680; x_wconf 85' lang='lat' dir='ltr'>consolatio-</span> 
     </span>
     <span class='ocr_line' id='line_1_4' title="bbox 139 726 1183 812; baseline 0.004 -22"><span class='ocrx_word' id='word_1_17' title='bbox 139 728 256 806; x_wconf 87' lang='lat' dir='ltr'>nibus,</span> <span class='ocrx_word' id='word_1_18' title='bbox 290 749 356 812; x_wconf 87' lang='lat' dir='ltr'>quo</span> <span class='ocrx_word' id='word_1_19' title='bbox 386 726 623 806; x_wconf 80' lang='lat' dir='ltr'>ostenderetur,</span> <span class='ocrx_word' id='word_1_20' title='bbox 655 730 795 797; x_wconf 89' lang='lat' dir='ltr'>solamen</span> <span class='ocrx_word' id='word_1_21' title='bbox 826 751 893 792; x_wconf 89' lang='lat' dir='ltr'>esse</span> <span class='ocrx_word' id='word_1_22' title='bbox 914 729 1057 808; x_wconf 88' lang='lat' dir='ltr'>miseris,</span> <span class='ocrx_word' id='word_1_23' title='bbox 1081 731 1183 794; x_wconf 91' lang='lat' dir='ltr'>socios</span> 
     </span>
     <span class='ocr_line' id='line_1_5' title="bbox 139 841 1202 928; baseline 0.003 -24"><span class='ocrx_word' id='word_1_24' title='bbox 139 841 289 904; x_wconf 83' lang='lat' dir='ltr'>hahuisse</span> <span class='ocrx_word' id='word_1_25' title='bbox 316 841 485 906; x_wconf 82' lang='lat' dir='ltr'>malorum.</span> <span class='ocrx_word' id='word_1_26' title='bbox 520 843 548 905; x_wconf 75' lang='lat' dir='ltr'>A</span> <span class='ocrx_word' id='word_1_27' title='bbox 565 841 667 926; x_wconf 60' lang='lat' dir='ltr'>potitis</span> <span class='ocrx_word' id='word_1_28' title='bbox 682 841 749 924; x_wconf 88' lang='lat' dir='ltr'>jam</span> <span class='ocrx_word' id='word_1_29' title='bbox 768 853 861 906; x_wconf 86' lang='lat' dir='ltr'>antea</span> <span class='ocrx_word' id='word_1_30' title='bbox 880 841 913 906; x_wconf 91' lang='lat' dir='ltr'>id</span> <span class='ocrx_word' id='word_1_31' title='bbox 930 863 1028 928; x_wconf 88' lang='lat' dir='ltr'>quam</span> <span class='ocrx_word' id='word_1_32' title='bbox 1048 844 1202 927; x_wconf 23' lang='lat' dir='ltr'>maxima·</span> 
     </span>
     <span class='ocr_line' id='line_1_6' title="bbox 139 954 769 1039; baseline 0 -22"><span class='ocrx_word' id='word_1_33' title='bbox 139 966 210 1018; x_wconf 88' lang='lat' dir='ltr'>erat</span> <span class='ocrx_word' id='word_1_34' title='bbox 231 954 442 1039; x_wconf 80' lang='lat' dir='ltr'>celebratum.</span> <span class='ocrx_word' id='word_1_35' title='bbox 477 955 560 1018; x_wconf 86' lang='lat' dir='ltr'>Hinc</span> <span class='ocrx_word' id='word_1_36' title='bbox 581 954 769 1039; x_wconf 87' lang='lat' dir='ltr'>Euripides:</span> 
     </span>
    </p>
   </div>
   <div class='ocr_carea' id='block_1_4' title="bbox 265 1148 1041 1458">
    <p class='ocr_par' dir='ltr' id='par_1_4' title="bbox 265 1148 1041 1458">
     <span class='ocr_line' id='line_1_7' title="bbox 273 1148 956 1239; baseline 0.003 -24"><span class='ocrx_word' id='word_1_37' title='bbox 273 1157 304 1216; x_wconf 83' lang='lat' dir='ltr'><em>F</em></span> <span class='ocrx_word' id='word_1_38' title='bbox 300 1152 420 1236; x_wconf 77' lang='grc' dir='ltr'>ίγνωσκε</span> <span class='ocrx_word' id='word_1_39' title='bbox 441 1148 647 1238; x_wconf 65' lang='lat' dir='ltr'>tristissimis,</span> <span class='ocrx_word' id='word_1_40' title='bbox 668 1149 741 1238; x_wconf 67' lang='lat' dir='ltr'>apd</span> <span class='ocrx_word' id='word_1_41' title='bbox 762 1149 956 1239; x_wconf 74' lang='grc' dir='ltr'><em>ὑπερμέτρως</em></span> 
     </span>
     <span class='ocr_line' id='line_1_8' title="bbox 265 1254 1041 1350; baseline -0.009 -23"><span class='ocrx_word' id='word_1_42' title='bbox 265 1254 382 1345; x_wconf 68' lang='grc' dir='ltr'>’Ἀλγεν</span> <span class='ocrx_word' id='word_1_43' title='bbox 404 1268 501 1339; x_wconf 79' lang='grc' dir='ltr'><strong><em>κακοῖς</em></strong></span> <span class='ocrx_word' id='word_1_44' title='bbox 521 1260 579 1350; x_wconf 78' lang='lat' dir='ltr'>ydp</span> <span class='ocrx_word' id='word_1_45' title='bbox 603 1259 639 1326; x_wconf 80' lang='lat' dir='ltr'>osi</span> <span class='ocrx_word' id='word_1_46' title='bbox 659 1259 697 1325; x_wconf 83' lang='lat' dir='ltr'>od</span> <span class='ocrx_word' id='word_1_47' title='bbox 718 1259 885 1347; x_wconf 66' lang='lat' dir='ltr'>apiastrum</span> <span class='ocrx_word' id='word_1_48' title='bbox 905 1259 996 1347; x_wconf 75' lang='grc' dir='ltr'>μόνη.</span> <span class='ocrx_word' id='word_1_49' title='bbox 1009 1306 1041 1320; x_wconf 91' lang='lat'>..</span> 
     </span>
     <span class='ocr_line' id='line_1_9' title="bbox 274 1368 952 1458; baseline -0.001 -21"><span class='ocrx_word' id='word_1_50' title='bbox 274 1377 345 1448; x_wconf 83' lang='grc' dir='ltr'><strong><em>Τοῖς</em></strong></span> <span class='ocrx_word' id='word_1_51' title='bbox 366 1373 454 1437; x_wconf 82' lang='grc' dir='ltr'><em>πᾶσιν</em></span> <span class='ocrx_word' id='word_1_52' title='bbox 475 1368 664 1458; x_wconf 70' lang='grc' dir='ltr'><strong><em>ἀνθρώποισι</em></strong></span> <span class='ocrx_word' id='word_1_53' title='bbox 685 1378 845 1438; x_wconf 65' lang='lat' dir='ltr'>sarsana</span> <span class='ocrx_word' id='word_1_54' title='bbox 864 1370 952 1454; x_wconf 72' lang='grc' dir='ltr'><strong><em>μένει.</em></strong></span> 
     </span>
    </p>
   </div>
   <div class='ocr_carea' id='block_1_5' title="bbox 271 1478 1204 1683">
    <p class='ocr_par' dir='ltr' id='par_1_5' title="bbox 271 1478 1204 1683">
     <span class='ocr_line' id='line_1_10' title="bbox 271 1478 927 1571; baseline -0.002 -24"><span class='ocrx_word' id='word_1_55' title='bbox 271 1480 382 1547; x_wconf 78' lang='grc' dir='ltr'><strong><em>Κοινὸν</em></strong></span> <span class='ocrx_word' id='word_1_56' title='bbox 403 1481 430 1546; x_wconf 79' lang='grc' dir='ltr'>δ’</span> <span class='ocrx_word' id='word_1_57' title='bbox 432 1479 550 1566; x_wconf 79' lang='grc' dir='ltr'><em>ἔχοντες</em></span> <span class='ocrx_word' id='word_1_58' title='bbox 572 1479 649 1547; x_wconf 80' lang='lat' dir='ltr'>adad</span> <span class='ocrx_word' id='word_1_59' title='bbox 664 1479 749 1571; x_wconf 69' lang='lat' dir='ltr'>¹ssosseo&#39;</span> <span class='ocrx_word' id='word_1_60' title='bbox 771 1478 927 1566; x_wconf 80' lang='grc' dir='ltr'><em>πάσχομεν</em></span> 
     </span>
     <span class='ocr_line' id='line_1_11' title="bbox 272 1570 1204 1683; baseline -0.012 -27"><span class='ocrx_word' id='word_1_61' title='bbox 272 1589 461 1669; x_wconf 72' lang='grc' dir='ltr'>Πάπες·’τό</span> <span class='ocrx_word' id='word_1_62' title='bbox 482 1589 539 1678; x_wconf 68' lang='grc' dir='ltr'>γάρ</span> <span class='ocrx_word' id='word_1_63' title='bbox 561 1587 662 1678; x_wconf 71' lang='grc' dir='ltr'><strong><em>χρεών</em></strong></span> <span class='ocrx_word' id='word_1_64' title='bbox 682 1592 800 1674; x_wconf 67' lang='grc' dir='ltr'><strong><em>μεῖζον,</em></strong></span> <span class='ocrx_word' id='word_1_65' title='bbox 822 1589 845 1676; x_wconf 74' lang='grc' dir='ltr'><em>ἢ</em></span> <span class='ocrx_word' id='word_1_66' title='bbox 864 1590 902 1656; x_wconf 79' lang='lat' dir='ltr'>ad</span> <span class='ocrx_word' id='word_1_67' title='bbox 916 1590 962 1676; x_wconf 68' lang='lat' dir='ltr'>pp*</span> <span class='ocrx_word' id='word_1_68' title='bbox 983 1593 1090 1676; x_wconf 54' lang='lat' dir='ltr'>mlv,</span> <span class='ocrx_word' id='word_1_69' title='bbox 1104 1596 1128 1683; x_wconf 85' lang='grc' dir='ltr'>ι)</span> <span class='ocrx_word' id='word_1_70' title='bbox 1202 1570 1204 1575; x_wconf 43' lang='grc'><strong>’</strong></span> 
     </span>
    </p>
   </div>
   <div class='ocr_carea' id='block_1_6' title="bbox 141 1801 1232 2208">
    <p class='ocr_par' dir='ltr' id='par_1_6' title="bbox 141 1801 1232 2208">
     <span class='ocr_line' id='line_1_12' title="bbox 142 1801 1186 1889; baseline -0.003 -24"><span class='ocrx_word' id='word_1_71' title='bbox 142 1803 189 1866; x_wconf 82' lang='lat' dir='ltr'>lle</span> <span class='ocrx_word' id='word_1_72' title='bbox 221 1802 282 1865; x_wconf 89' lang='lat' dir='ltr'>hoc</span> <span class='ocrx_word' id='word_1_73' title='bbox 315 1813 422 1865; x_wconf 87' lang='lat' dir='ltr'>tamen</span> <span class='ocrx_word' id='word_1_74' title='bbox 451 1803 634 1866; x_wconf 90' lang='lat' dir='ltr'>consolandi</span> <span class='ocrx_word' id='word_1_75' title='bbox 673 1814 862 1889; x_wconf 85' lang='lat' dir='ltr'>argumento</span> <span class='ocrx_word' id='word_1_76' title='bbox 894 1801 1032 1865; x_wconf 86' lang='lat' dir='ltr'>multum</span> <span class='ocrx_word' id='word_1_77' title='bbox 1063 1801 1186 1885; x_wconf 87' lang='lat' dir='ltr'>antiqui</span> 
     </span>
     <span class='ocr_line' id='line_1_13' title="bbox 141 1902 1186 2001; baseline -0.004 -22"><span class='ocrx_word' id='word_1_78' title='bbox 141 1902 349 2001; x_wconf 86' lang='lat' dir='ltr'>disputarunt</span> <span class='ocrx_word' id='word_1_79' title='bbox 381 1915 581 2001; x_wconf 84' lang='lat' dir='ltr'>philosophi,</span> <span class='ocrx_word' id='word_1_80' title='bbox 613 1917 667 1980; x_wconf 84' lang='lat' dir='ltr'>alii</span> <span class='ocrx_word' id='word_1_81' title='bbox 693 1918 850 1996; x_wconf 89' lang='lat' dir='ltr'>multum,</span> <span class='ocrx_word' id='word_1_82' title='bbox 874 1916 929 1979; x_wconf 92' lang='lat' dir='ltr'>alii</span> <span class='ocrx_word' id='word_1_83' title='bbox 952 1935 1027 1977; x_wconf 79' lang='lat' dir='ltr'>vero</span> <span class='ocrx_word' id='word_1_84' title='bbox 1056 1914 1136 1976; x_wconf 91' lang='lat' dir='ltr'>nihil</span> <span class='ocrx_word' id='word_1_85' title='bbox 1156 1912 1186 1976; x_wconf 91' lang='lat' dir='ltr'>ei</span> 
     </span>
     <span class='ocr_line' id='line_1_14' title="bbox 143 2022 1232 2096; baseline -0.004 -3"><span class='ocrx_word' id='word_1_86' title='bbox 143 2031 333 2096; x_wconf 84' lang='lat' dir='ltr'>tribuentes.</span> <span class='ocrx_word' id='word_1_87' title='bbox 365 2028 542 2095; x_wconf 84' lang='lat' dir='ltr'>Carneades</span> <span class='ocrx_word' id='word_1_88' title='bbox 560 2032 644 2093; x_wconf 91' lang='lat' dir='ltr'>enim</span> <span class='ocrx_word' id='word_1_89' title='bbox 661 2029 995 2094; x_wconf 84' lang='lat' dir='ltr'>commemorationem</span> <span class='ocrx_word' id='word_1_90' title='bbox 1009 2028 1187 2092; x_wconf 86' lang='lat' dir='ltr'>alienorum</span> <span class='ocrx_word' id='word_1_91' title='bbox 1230 2022 1232 2026; x_wconf 64' lang='grc'><strong>’</strong></span> 
     </span>
     <span class='ocr_line' id='line_1_15' title="bbox 143 2123 1187 2208; baseline -0.004 0"><span class='ocrx_word' id='word_1_92' title='bbox 143 2145 300 2208; x_wconf 91' lang='lat' dir='ltr'>malorum</span> <span class='ocrx_word' id='word_1_93' title='bbox 326 2143 366 2206; x_wconf 86' lang='lat' dir='ltr'>ad</span> <span class='ocrx_word' id='word_1_94' title='bbox 395 2123 560 2207; x_wconf 86' lang='lat' dir='ltr'>malivolos</span> <span class='ocrx_word' id='word_1_95' title='bbox 591 2143 801 2206; x_wconf 87' lang='lat' dir='ltr'>consolandos</span> <span class='ocrx_word' id='word_1_96' title='bbox 827 2141 1098 2206; x_wconf 83' lang='lat' dir='ltr'>accommodatam</span> <span class='ocrx_word' id='word_1_97' title='bbox 1120 2161 1187 2205; x_wconf 89' lang='lat' dir='ltr'>essa</span> 
     </span>
    </p>
   </div>
   <div class='ocr_carea' id='block_1_7' title="bbox 139 2355 1196 4115">
    <p class='ocr_par' dir='ltr' id='par_1_7' title="bbox 139 2355 1193 3830">
     <span class='ocr_line' id='line_1_16' title="bbox 139 2355 1186 2425; baseline -0.003 -20"><span class='ocrx_word' id='word_1_98' title='bbox 139 2359 208 2423; x_wconf 77' lang='lat' dir='ltr'>phil.</span> <span class='ocrx_word' id='word_1_99' title='bbox 225 2357 330 2425; x_wconf 81' lang='lat' dir='ltr'>(opusc.</span> <span class='ocrx_word' id='word_1_100' title='bbox 346 2359 372 2406; x_wconf 87' lang='lat' dir='ltr'>T.</span> <span class='ocrx_word' id='word_1_101' title='bbox 388 2359 422 2405; x_wconf 91' lang='lat' dir='ltr'>Vl</span> <span class='ocrx_word' id='word_1_102' title='bbox 438 2374 463 2421; x_wconf 90' lang='lat' dir='ltr'>p.</span> <span class='ocrx_word' id='word_1_103' title='bbox 481 2355 541 2420; x_wconf 84' lang='lat'>157)</span> <span class='ocrx_word' id='word_1_104' title='bbox 559 2358 671 2406; x_wconf 87' lang='lat' dir='ltr'>dicenti:</span> <span class='ocrx_word' id='word_1_105' title='bbox 686 2360 746 2421; x_wconf 84' lang='lat' dir='ltr'>ipsa</span> <span class='ocrx_word' id='word_1_106' title='bbox 760 2359 926 2405; x_wconf 81' lang='lat' dir='ltr'>miseriarum</span> <span class='ocrx_word' id='word_1_107' title='bbox 941 2355 1186 2420; x_wconf 77' lang='lat' dir='ltr'>hamanasunsapad</span> 
     </span>
     <span class='ocr_line' id='line_1_17' title="bbox 139 2449 1188 2516; baseline -0.003 -17"><span class='ocrx_word' id='word_1_108' title='bbox 139 2455 231 2516; x_wconf 73' lang='lat' dir='ltr'>positas</span> <span class='ocrx_word' id='word_1_109' title='bbox 251 2453 407 2498; x_wconf 78' lang='lat' dir='ltr'>enumeratio</span> <span class='ocrx_word' id='word_1_110' title='bbox 432 2451 606 2498; x_wconf 64' lang='lat' dir='ltr'>strictorem</span> <span class='ocrx_word' id='word_1_111' title='bbox 629 2452 795 2515; x_wconf 80' lang='lat' dir='ltr'>declamatio,</span> <span class='ocrx_word' id='word_1_112' title='bbox 816 2452 875 2498; x_wconf 78' lang='lat' dir='ltr'>dura</span> <span class='ocrx_word' id='word_1_113' title='bbox 896 2451 1009 2498; x_wconf 82' lang='lat' dir='ltr'>delectat</span> <span class='ocrx_word' id='word_1_114' title='bbox 1033 2449 1188 2498; x_wconf 76' lang='lat' dir='ltr'>osssasnsntis</span> 
     </span>
     <span class='ocr_line' id='line_1_18' title="bbox 143 2544 1190 2609; baseline -0.004 -16"><span class='ocrx_word' id='word_1_115' title='bbox 143 2547 220 2608; x_wconf 80' lang='lat' dir='ltr'>sais,</span> <span class='ocrx_word' id='word_1_116' title='bbox 236 2544 398 2593; x_wconf 80' lang='lat' dir='ltr'>audientiam</span> <span class='ocrx_word' id='word_1_117' title='bbox 414 2547 526 2607; x_wconf 74' lang='lat' dir='ltr'>animos,</span> <span class='ocrx_word' id='word_1_118' title='bbox 539 2552 660 2608; x_wconf 76' lang='lat' dir='ltr'>tanquam</span> <span class='ocrx_word' id='word_1_119' title='bbox 673 2547 776 2609; x_wconf 80' lang='lat' dir='ltr'>magico</span> <span class='ocrx_word' id='word_1_120' title='bbox 795 2547 907 2592; x_wconf 80' lang='lat' dir='ltr'>camina</span> <span class='ocrx_word' id='word_1_121' title='bbox 921 2544 1034 2606; x_wconf 68' lang='lat' dir='ltr'>defixos,</span> <span class='ocrx_word' id='word_1_122' title='bbox 1050 2558 1138 2607; x_wconf 83' lang='lat' dir='ltr'>soporo</span> <span class='ocrx_word' id='word_1_123' title='bbox 1150 2557 1190 2606; x_wconf 85' lang='lat' dir='ltr'>cp·</span> 
     </span>
     <span class='ocr_line' id='line_1_19' title="bbox 140 2638 1190 2704; baseline -0.003 -18"><span class='ocrx_word' id='word_1_124' title='bbox 140 2640 253 2704; x_wconf 76' lang='lat' dir='ltr'>psimit,</span> <span class='ocrx_word' id='word_1_125' title='bbox 271 2655 347 2686; x_wconf 80' lang='lat' dir='ltr'>curas</span> <span class='ocrx_word' id='word_1_126' title='bbox 362 2640 460 2687; x_wconf 84' lang='lat' dir='ltr'>solvit:</span> <span class='ocrx_word' id='word_1_127' title='bbox 476 2640 543 2686; x_wconf 80' lang='lat' dir='ltr'>assde</span> <span class='ocrx_word' id='word_1_128' title='bbox 550 2640 606 2701; x_wconf 86' lang='lat' dir='ltr'>fit,</span> <span class='ocrx_word' id='word_1_129' title='bbox 619 2646 650 2685; x_wconf 81' lang='lat' dir='ltr'>rat</span> <span class='ocrx_word' id='word_1_130' title='bbox 664 2640 742 2704; x_wconf 73' lang='lat' dir='ltr'>vulgo</span> <span class='ocrx_word' id='word_1_131' title='bbox 753 2653 849 2702; x_wconf 82' lang='lat' dir='ltr'>qaoque</span> <span class='ocrx_word' id='word_1_132' title='bbox 864 2639 894 2684; x_wconf 83' lang='lat' dir='ltr'>in</span> <span class='ocrx_word' id='word_1_133' title='bbox 909 2638 1091 2684; x_wconf 78' lang='lat' dir='ltr'>consolationis</span> <span class='ocrx_word' id='word_1_134' title='bbox 1103 2651 1190 2683; x_wconf 79' lang='lat' dir='ltr'>numa-</span> 
     </span>
     <span class='ocr_line' id='line_1_20' title="bbox 145 2728 1189 2795; baseline -0.004 -14"><span class='ocrx_word' id='word_1_135' title='bbox 145 2750 202 2781; x_wconf 74' lang='lat' dir='ltr'>ram</span> <span class='ocrx_word' id='word_1_136' title='bbox 224 2734 348 2780; x_wconf 79' lang='lat' dir='ltr'>stlocum</span> <span class='ocrx_word' id='word_1_137' title='bbox 371 2749 400 2780; x_wconf 89' lang='lat' dir='ltr'>sa</span> <span class='ocrx_word' id='word_1_138' title='bbox 425 2749 467 2780; x_wconf 85' lang='lat' dir='ltr'>res</span> <span class='ocrx_word' id='word_1_139' title='bbox 485 2733 621 2792; x_wconf 81' lang='lat' dir='ltr'>referatur.</span> <span class='ocrx_word' id='word_1_140' title='bbox 658 2733 691 2780; x_wconf 88' lang='lat' dir='ltr'>Ut</span> <span class='ocrx_word' id='word_1_141' title='bbox 706 2733 775 2780; x_wconf 91' lang='lat' dir='ltr'>enim</span> <span class='ocrx_word' id='word_1_142' title='bbox 794 2732 909 2795; x_wconf 86' lang='lat' dir='ltr'>mittam,</span> <span class='ocrx_word' id='word_1_143' title='bbox 927 2731 1004 2779; x_wconf 84' lang='lat' dir='ltr'>talem</span> <span class='ocrx_word' id='word_1_144' title='bbox 1026 2731 1058 2778; x_wconf 90' lang='lat' dir='ltr'>de</span> <span class='ocrx_word' id='word_1_145' title='bbox 1083 2728 1189 2777; x_wconf 81' lang='lat' dir='ltr'>missiiis</span> 
     </span>
     <span class='ocr_line' id='line_1_21' title="bbox 146 2824 1188 2888; baseline -0.006 -12"><span class='ocrx_word' id='word_1_146' title='bbox 146 2827 265 2876; x_wconf 88' lang='lat' dir='ltr'>humanis</span> <span class='ocrx_word' id='word_1_147' title='bbox 299 2827 509 2874; x_wconf 78' lang='lat' dir='ltr'>declamationem</span> <span class='ocrx_word' id='word_1_148' title='bbox 534 2827 571 2873; x_wconf 90' lang='lat' dir='ltr'>nil</span> <span class='ocrx_word' id='word_1_149' title='bbox 594 2841 746 2888; x_wconf 76' lang='lat' dir='ltr'>magnopere</span> <span class='ocrx_word' id='word_1_150' title='bbox 769 2825 878 2888; x_wconf 87' lang='lat' dir='ltr'>habere,</span> <span class='ocrx_word' id='word_1_151' title='bbox 907 2841 958 2888; x_wconf 92' lang='lat' dir='ltr'>quo</span> <span class='ocrx_word' id='word_1_152' title='bbox 975 2824 1145 2873; x_wconf 71' lang='lat' dir='ltr'>delectatione</span> <span class='ocrx_word' id='word_1_153' title='bbox 1162 2837 1188 2870; x_wconf 86' lang='lat' dir='ltr'>ss</span> 
     </span>
     <span class='ocr_line' id='line_1_22' title="bbox 145 2917 1189 2984; baseline -0.007 -14"><span class='ocrx_word' id='word_1_154' title='bbox 145 2922 321 2978; x_wconf 78' lang='lat' dir='ltr'>commendet3</span> <span class='ocrx_word' id='word_1_155' title='bbox 336 2936 387 2968; x_wconf 93' lang='lat' dir='ltr'>non</span> <span class='ocrx_word' id='word_1_156' title='bbox 401 2921 516 2984; x_wconf 87' lang='lat' dir='ltr'>prolecto</span> <span class='ocrx_word' id='word_1_157' title='bbox 526 2920 616 2968; x_wconf 90' lang='lat' dir='ltr'>intimo</span> <span class='ocrx_word' id='word_1_158' title='bbox 628 2921 711 2968; x_wconf 90' lang='lat' dir='ltr'>animo</span> <span class='ocrx_word' id='word_1_159' title='bbox 724 2920 745 2966; x_wconf 87' lang='lat' dir='ltr'>is</span> <span class='ocrx_word' id='word_1_160' title='bbox 758 2924 899 2968; x_wconf 88' lang='lat' dir='ltr'>commotus</span> <span class='ocrx_word' id='word_1_161' title='bbox 911 2925 964 2981; x_wconf 82' lang='lat' dir='ltr'>est,</span> <span class='ocrx_word' id='word_1_162' title='bbox 975 2919 1048 2966; x_wconf 89' lang='lat' dir='ltr'>ouius</span> <span class='ocrx_word' id='word_1_163' title='bbox 1057 2917 1189 2979; x_wconf 76' lang='lat' dir='ltr'>aegritudo</span> 
     </span>
     <span class='ocr_line' id='line_1_23' title="bbox 145 3009 1191 3078; baseline -0.008 -14"><span class='ocrx_word' id='word_1_164' title='bbox 145 3016 268 3064; x_wconf 78' lang='lat' dir='ltr'>orationis</span> <span class='ocrx_word' id='word_1_165' title='bbox 288 3016 444 3063; x_wconf 79' lang='lat' dir='ltr'>ornamentis</span> <span class='ocrx_word' id='word_1_166' title='bbox 469 3015 612 3070; x_wconf 88' lang='lat' dir='ltr'>minuatur;</span> <span class='ocrx_word' id='word_1_167' title='bbox 637 3014 734 3078; x_wconf 80' lang='lat' dir='ltr'>respuit</span> <span class='ocrx_word' id='word_1_168' title='bbox 753 3014 821 3061; x_wconf 90' lang='lat' dir='ltr'>enim</span> <span class='ocrx_word' id='word_1_169' title='bbox 843 3014 929 3061; x_wconf 84' lang='lat' dir='ltr'>luctus</span> <span class='ocrx_word' id='word_1_170' title='bbox 947 3027 1048 3061; x_wconf 91' lang='lat' dir='ltr'>omnem</span> <span class='ocrx_word' id='word_1_171' title='bbox 1068 3009 1191 3059; x_wconf 88' lang='lat' dir='ltr'>sermonis</span> 
     </span>
     <span class='ocr_line' id='line_1_24' title="bbox 147 3107 1191 3172; baseline -0.007 -14"><span class='ocrx_word' id='word_1_172' title='bbox 147 3110 268 3172; x_wconf 74' lang='lat' dir='ltr'>gratiam,</span> <span class='ocrx_word' id='word_1_173' title='bbox 283 3109 328 3157; x_wconf 86' lang='lat' dir='ltr'>sad</span> <span class='ocrx_word' id='word_1_174' title='bbox 341 3109 419 3157; x_wconf 86' lang='lat' dir='ltr'>firmis</span> <span class='ocrx_word' id='word_1_175' title='bbox 432 3110 530 3170; x_wconf 72' lang='lat' dir='ltr'>indiget</span> <span class='ocrx_word' id='word_1_176' title='bbox 544 3108 716 3169; x_wconf 80' lang='lat' dir='ltr'>argumentis,</span> <span class='ocrx_word' id='word_1_177' title='bbox 733 3123 798 3170; x_wconf 90' lang='lat' dir='ltr'>quae</span> <span class='ocrx_word' id='word_1_178' title='bbox 812 3107 839 3155; x_wconf 92' lang='lat' dir='ltr'>in</span> <span class='ocrx_word' id='word_1_179' title='bbox 856 3107 911 3155; x_wconf 89' lang='lat' dir='ltr'>eius</span> <span class='ocrx_word' id='word_1_180' title='bbox 926 3107 1191 3168; x_wconf 86' lang='lat' dir='ltr'>animumpenetrent.</span> 
     </span>
     <span class='ocr_line' id='line_1_25' title="bbox 146 3201 1192 3268; baseline -0.01 -15"><span class='ocrx_word' id='word_1_181' title='bbox 146 3205 242 3268; x_wconf 79' lang='lat' dir='ltr'>Quodsi</span> <span class='ocrx_word' id='word_1_182' title='bbox 265 3205 329 3252; x_wconf 84' lang='lat' dir='ltr'>haec</span> <span class='ocrx_word' id='word_1_183' title='bbox 347 3204 497 3252; x_wconf 85' lang='lat' dir='ltr'>declamatio</span> <span class='ocrx_word' id='word_1_184' title='bbox 512 3201 620 3251; x_wconf 86' lang='lat' dir='ltr'>alieuius</span> <span class='ocrx_word' id='word_1_185' title='bbox 633 3202 736 3249; x_wconf 88' lang='lat' dir='ltr'>lenierit</span> <span class='ocrx_word' id='word_1_186' title='bbox 751 3202 883 3263; x_wconf 85' lang='lat' dir='ltr'>dolorem,</span> <span class='ocrx_word' id='word_1_187' title='bbox 900 3217 950 3250; x_wconf 90' lang='lat' dir='ltr'>non</span> <span class='ocrx_word' id='word_1_188' title='bbox 970 3204 1054 3249; x_wconf 84' lang='lat' dir='ltr'>tamen</span> <span class='ocrx_word' id='word_1_189' title='bbox 1073 3201 1192 3250; x_wconf 77' lang='lat' dir='ltr'>constans</span> 
     </span>
     <span class='ocr_line' id='line_1_26' title="bbox 147 3293 1192 3359; baseline -0.008 -12"><span class='ocrx_word' id='word_1_190' title='bbox 147 3299 225 3348; x_wconf 88' lang='lat' dir='ltr'>huius</span> <span class='ocrx_word' id='word_1_191' title='bbox 248 3298 390 3346; x_wconf 87' lang='lat' dir='ltr'>medicinae</span> <span class='ocrx_word' id='word_1_192' title='bbox 409 3298 458 3345; x_wconf 88' lang='lat' dir='ltr'>erit</span> <span class='ocrx_word' id='word_1_193' title='bbox 477 3297 532 3358; x_wconf 82' lang='lat' dir='ltr'>vis,</span> <span class='ocrx_word' id='word_1_194' title='bbox 552 3296 614 3343; x_wconf 90' lang='lat' dir='ltr'>adeo</span> <span class='ocrx_word' id='word_1_195' title='bbox 636 3301 665 3342; x_wconf 91' lang='lat' dir='ltr'>ut</span> <span class='ocrx_word' id='word_1_196' title='bbox 683 3301 770 3359; x_wconf 87' lang='lat' dir='ltr'>postea</span> <span class='ocrx_word' id='word_1_197' title='bbox 788 3310 818 3343; x_wconf 91' lang='lat' dir='ltr'>eo</span> <span class='ocrx_word' id='word_1_198' title='bbox 840 3296 935 3358; x_wconf 87' lang='lat' dir='ltr'>majora</span> <span class='ocrx_word' id='word_1_199' title='bbox 954 3296 1051 3358; x_wconf 89' lang='lat' dir='ltr'>impetu</span> <span class='ocrx_word' id='word_1_200' title='bbox 1067 3293 1192 3355; x_wconf 88' lang='lat' dir='ltr'>irrumpat</span> 
     </span>
     <span class='ocr_line' id='line_1_27' title="bbox 145 3382 1190 3455; baseline -0.011 -14"><span class='ocrx_word' id='word_1_201' title='bbox 145 3393 297 3454; x_wconf 72' lang='lat' dir='ltr'>aegritud03</span> <span class='ocrx_word' id='word_1_202' title='bbox 319 3391 388 3455; x_wconf 86' lang='lat' dir='ltr'>quod</span> <span class='ocrx_word' id='word_1_203' title='bbox 404 3392 452 3439; x_wconf 90' lang='lat' dir='ltr'>rite</span> <span class='ocrx_word' id='word_1_204' title='bbox 464 3390 643 3439; x_wconf 85' lang='lat' dir='ltr'>animadvertit</span> <span class='ocrx_word' id='word_1_205' title='bbox 660 3388 781 3436; x_wconf 73' lang='lat' dir='ltr'>Boethius</span> <span class='ocrx_word' id='word_1_206' title='bbox 794 3387 825 3435; x_wconf 85' lang='lat' dir='ltr'>de</span> <span class='ocrx_word' id='word_1_207' title='bbox 842 3389 939 3436; x_wconf 80' lang='lat' dir='ltr'>Coasol.</span> <span class='ocrx_word' id='word_1_208' title='bbox 954 3388 1024 3434; x_wconf 78' lang='lat' dir='ltr'>Phil.</span> <span class='ocrx_word' id='word_1_209' title='bbox 1044 3386 1062 3435; x_wconf 91' lang='lat' dir='ltr'>l.</span> <span class='ocrx_word' id='word_1_210' title='bbox 1073 3386 1097 3432; x_wconf 92' lang='lat' dir='ltr'>ll</span> <span class='ocrx_word' id='word_1_211' title='bbox 1109 3386 1148 3434; x_wconf 84' lang='lat' dir='ltr'>Pr.</span> <span class='ocrx_word' id='word_1_212' title='bbox 1159 3382 1190 3430; x_wconf 82' lang='lat'>3:</span> 
     </span>
     <span class='ocr_line' id='line_1_28' title="bbox 148 3477 1193 3549; baseline -0.012 -14"><span class='ocrx_word' id='word_1_213' title='bbox 148 3495 201 3535; x_wconf 69' lang='lat' dir='ltr'>nam</span> <span class='ocrx_word' id='word_1_214' title='bbox 226 3491 337 3549; x_wconf 82' lang='lat' dir='ltr'>tantam,</span> <span class='ocrx_word' id='word_1_215' title='bbox 357 3500 413 3532; x_wconf 83' lang='lat' dir='ltr'>cum</span> <span class='ocrx_word' id='word_1_216' title='bbox 438 3484 596 3545; x_wconf 77' lang='lat' dir='ltr'>audiantur,</span> <span class='ocrx_word' id='word_1_217' title='bbox 616 3483 748 3531; x_wconf 82' lang='lat' dir='ltr'>ablactant.</span> <span class='ocrx_word' id='word_1_218' title='bbox 784 3480 835 3530; x_wconf 86' lang='lat' dir='ltr'>Sed</span> <span class='ocrx_word' id='word_1_219' title='bbox 849 3483 954 3528; x_wconf 81' lang='lat' dir='ltr'>miseris</span> <span class='ocrx_word' id='word_1_220' title='bbox 971 3480 1094 3527; x_wconf 72' lang='lat' dir='ltr'>malorum</span> <span class='ocrx_word' id='word_1_221' title='bbox 1113 3477 1193 3524; x_wconf 84' lang='lat' dir='ltr'>altior</span> 
     </span>
     <span class='ocr_line' id='line_1_29' title="bbox 150 3571 1192 3642; baseline -0.012 -13"><span class='ocrx_word' id='word_1_222' title='bbox 150 3596 243 3629; x_wconf 83' lang='lat' dir='ltr'>sensus</span> <span class='ocrx_word' id='word_1_223' title='bbox 259 3588 304 3628; x_wconf 86' lang='lat' dir='ltr'>est.</span> <span class='ocrx_word' id='word_1_224' title='bbox 334 3581 425 3642; x_wconf 76' lang='lat' dir='ltr'>Itaque</span> <span class='ocrx_word' id='word_1_225' title='bbox 441 3594 498 3626; x_wconf 83' lang='lat' dir='ltr'>casn</span> <span class='ocrx_word' id='word_1_226' title='bbox 513 3579 575 3626; x_wconf 75' lang='lat' dir='ltr'>liaeo</span> <span class='ocrx_word' id='word_1_227' title='bbox 593 3577 703 3625; x_wconf 79' lang='lat' dir='ltr'>caridus</span> <span class='ocrx_word' id='word_1_228' title='bbox 719 3577 841 3624; x_wconf 78' lang='lat' dir='ltr'>insonare</span> <span class='ocrx_word' id='word_1_229' title='bbox 859 3574 1002 3635; x_wconf 63' lang='lat' dir='ltr'>(tamasim,</span> <span class='ocrx_word' id='word_1_230' title='bbox 1020 3573 1119 3620; x_wconf 81' lang='lat' dir='ltr'>insitus</span> <span class='ocrx_word' id='word_1_231' title='bbox 1137 3571 1192 3616; x_wconf 82' lang='lat' dir='ltr'>ani-</span> 
     </span>
     <span class='ocr_line' id='line_1_30' title="bbox 147 3667 1192 3742; baseline -0.012 -19"><span class='ocrx_word' id='word_1_232' title='bbox 147 3691 216 3723; x_wconf 81' lang='lat' dir='ltr'>mum</span> <span class='ocrx_word' id='word_1_233' title='bbox 231 3675 303 3723; x_wconf 83' lang='lat' dir='ltr'>dolor</span> <span class='ocrx_word' id='word_1_234' title='bbox 315 3680 481 3742; x_wconf 80' lang='lat' dir='ltr'>praegravat.</span> <span class='ocrx_word' id='word_1_235' title='bbox 507 3674 543 3722; x_wconf 81' lang='lat' dir='ltr'>Cf.</span> <span class='ocrx_word' id='word_1_236' title='bbox 572 3673 598 3719; x_wconf 89' lang='lat' dir='ltr'>P.</span> <span class='ocrx_word' id='word_1_237' title='bbox 618 3671 642 3719; x_wconf 90' lang='lat' dir='ltr'>la</span> <span class='ocrx_word' id='word_1_238' title='bbox 662 3671 734 3718; x_wconf 87' lang='lat' dir='ltr'>Seine</span> <span class='ocrx_word' id='word_1_239' title='bbox 751 3669 782 3717; x_wconf 85' lang='lat' dir='ltr'>de</span> <span class='ocrx_word' id='word_1_240' title='bbox 799 3670 871 3717; x_wconf 80' lang='lat' dir='ltr'>Hans.</span> <span class='ocrx_word' id='word_1_241' title='bbox 894 3668 1027 3731; x_wconf 76' lang='lat' dir='ltr'>Nepentlse</span> <span class='ocrx_word' id='word_1_242' title='bbox 1040 3667 1067 3713; x_wconf 90' lang='lat' dir='ltr'>in</span> <span class='ocrx_word' id='word_1_243' title='bbox 1085 3667 1192 3732; x_wconf 44' lang='lat' dir='ltr'>Gronov·</span> 
     </span>
     <span class='ocr_line' id='line_1_31' title="bbox 151 3764 635 3830; baseline -0.008 -13"><span class='ocrx_word' id='word_1_244' title='bbox 151 3771 226 3818; x_wconf 79' lang='lat' dir='ltr'>Tissa.</span> <span class='ocrx_word' id='word_1_245' title='bbox 247 3770 308 3817; x_wconf 80' lang='lat' dir='ltr'>Ant.</span> <span class='ocrx_word' id='word_1_246' title='bbox 330 3771 373 3818; x_wconf 82' lang='lat' dir='ltr'>Gr.</span> <span class='ocrx_word' id='word_1_247' title='bbox 389 3768 445 3815; x_wconf 83' lang='lat' dir='ltr'>Vol.</span> <span class='ocrx_word' id='word_1_248' title='bbox 468 3768 502 3814; x_wconf 86' lang='lat' dir='ltr'>XI</span> <span class='ocrx_word' id='word_1_249' title='bbox 519 3784 543 3830; x_wconf 94' lang='lat' dir='ltr'>p.</span> <span class='ocrx_word' id='word_1_250' title='bbox 560 3764 635 3814; x_wconf 78' lang='lat'>1379.</span> 
     </span>
    </p>

    <p class='ocr_par' dir='ltr' id='par_1_8' title="bbox 149 3851 1196 4115">
     <span class='ocr_line' id='line_1_32' title="bbox 185 3851 1195 3927; baseline -0.014 -16"><span class='ocrx_word' id='word_1_251' title='bbox 185 3861 210 3926; x_wconf 79' lang='lat' dir='ltr'>l)</span> <span class='ocrx_word' id='word_1_252' title='bbox 248 3862 321 3927; x_wconf 80' lang='lat' dir='ltr'>Apud</span> <span class='ocrx_word' id='word_1_253' title='bbox 340 3862 408 3911; x_wconf 89' lang='lat' dir='ltr'>Stob.</span> <span class='ocrx_word' id='word_1_254' title='bbox 429 3861 497 3910; x_wconf 79' lang='lat' dir='ltr'>Flos.</span> <span class='ocrx_word' id='word_1_255' title='bbox 512 3860 551 3909; x_wconf 91' lang='lat' dir='ltr'>tit.</span> <span class='ocrx_word' id='word_1_256' title='bbox 571 3858 638 3922; x_wconf 80' lang='lat'>124,</span> <span class='ocrx_word' id='word_1_257' title='bbox 653 3857 670 3906; x_wconf 82' lang='lat'>7</span> <span class='ocrx_word' id='word_1_258' title='bbox 686 3866 712 3906; x_wconf 87' lang='lat' dir='ltr'>et</span> <span class='ocrx_word' id='word_1_259' title='bbox 725 3858 759 3907; x_wconf 77' lang='lat'>29</span> <span class='ocrx_word' id='word_1_260' title='bbox 776 3857 819 3906; x_wconf 82' lang='lat' dir='ltr'>Ed.</span> <span class='ocrx_word' id='word_1_261' title='bbox 836 3856 928 3918; x_wconf 57' lang='lat' dir='ltr'>Gaias„</span> <span class='ocrx_word' id='word_1_262' title='bbox 947 3854 992 3902; x_wconf 91' lang='lat' dir='ltr'>ubi</span> <span class='ocrx_word' id='word_1_263' title='bbox 1004 3855 1091 3917; x_wconf 88' lang='lat' dir='ltr'>plures</span> <span class='ocrx_word' id='word_1_264' title='bbox 1108 3851 1195 3900; x_wconf 86' lang='lat' dir='ltr'>huius·</span> 
     </span>
     <span class='ocr_line' id='line_1_33' title="bbox 149 3944 1196 4021; baseline -0.012 -16"><span class='ocrx_word' id='word_1_265' title='bbox 149 3958 218 4005; x_wconf 83' lang='lat' dir='ltr'>modi</span> <span class='ocrx_word' id='word_1_266' title='bbox 241 3959 373 4021; x_wconf 71' lang='lat' dir='ltr'>podtarum</span> <span class='ocrx_word' id='word_1_267' title='bbox 396 3956 568 4002; x_wconf 76' lang='lat' dir='ltr'>memorantur</span> <span class='ocrx_word' id='word_1_268' title='bbox 589 3954 671 4001; x_wconf 81' lang='lat' dir='ltr'>effata.</span> <span class='ocrx_word' id='word_1_269' title='bbox 704 3954 739 4002; x_wconf 84' lang='lat' dir='ltr'>Ci.</span> <span class='ocrx_word' id='word_1_270' title='bbox 766 3949 900 4016; x_wconf 81' lang='lat' dir='ltr'>Wytteuh.</span> <span class='ocrx_word' id='word_1_271' title='bbox 922 3947 953 3996; x_wconf 93' lang='lat' dir='ltr'>ad</span> <span class='ocrx_word' id='word_1_272' title='bbox 975 3947 1042 3995; x_wconf 83' lang='lat' dir='ltr'>Plut.</span> <span class='ocrx_word' id='word_1_273' title='bbox 1066 3947 1138 3996; x_wconf 75' lang='lat' dir='ltr'>Um.</span> <span class='ocrx_word' id='word_1_274' title='bbox 1160 3944 1196 3993; x_wconf 72' lang='lat' dir='ltr'>asi</span> 
     </span>
     <span class='ocr_line' id='line_1_34' title="bbox 150 4045 656 4115; baseline -0.008 -15"><span class='ocrx_word' id='word_1_275' title='bbox 150 4052 235 4115; x_wconf 78' lang='lat' dir='ltr'>Apoll.</span> <span class='ocrx_word' id='word_1_276' title='bbox 256 4068 279 4114; x_wconf 92' lang='lat' dir='ltr'>p.</span> <span class='ocrx_word' id='word_1_277' title='bbox 301 4049 351 4098; x_wconf 75' lang='lat'>106</span> <span class='ocrx_word' id='word_1_278' title='bbox 370 4051 395 4097; x_wconf 83' lang='lat' dir='ltr'>B.</span> <span class='ocrx_word' id='word_1_279' title='bbox 416 4049 472 4096; x_wconf 86' lang='lat' dir='ltr'>Vol.</span> <span class='ocrx_word' id='word_1_280' title='bbox 493 4049 534 4096; x_wconf 85' lang='lat' dir='ltr'>vl.</span> <span class='ocrx_word' id='word_1_281' title='bbox 555 4065 579 4112; x_wconf 87' lang='lat' dir='ltr'>p.</span> <span class='ocrx_word' id='word_1_282' title='bbox 597 4045 656 4096; x_wconf 78' lang='lat'><strong>⁷19.</strong></span> 
     </span>
    </p>
   </div>
   <div class='ocr_carea' id='block_1_8' title="bbox 0 0 1345 4844">
    <p class='ocr_par' dir='ltr' id='par_1_9' title="bbox 0 0 1345 4844">
     <span class='ocr_line' id='line_1_35' title="bbox 0 0 1345 4844; baseline 0 0"><span class='ocrx_word' id='word_1_283' title='bbox 0 0 1345 4844; x_wconf 95' lang='lat' dir='ltr'> </span> 
     </span>
    </p>
   </div>
  </div>
 </body>
</html>
