2648 4844
651 325 694 385 63

148 525 215 589 qua
236 503 420 579 Socratem,
444 523 480 564 rx
501 503 626 566 Prodici
646 505 817 582 sententia,
840 506 872 567 in
895 506 1038 570 Aniocho
1060 507 1191 572 demon·

149 629 265 683 strasso
286 615 445 693 vidimus,
476 629 610 681 mortem
632 639 739 704 neque
771 617 811 682 ad
840 618 980 683 viventes
1012 641 1118 708 neque
1150 622 1190 687 ad

148 742 293 795 mortuos
314 730 487 815 pertinere.
516 719 683 810 Mo'rroooc,
706 732 770 811 ait,
801 721 819 796 ὁ
847 729 946 816 λέγων
972 731 1111 798 δεδιέναι
1136 725 1192 799 τόν
1247 793 1249 798 .

148 833 301 922 θάνατον,
318 832 379 924 οὐχ
400 833 451 905 ὅτι
472 830 610 928 λυπήσει
630 834 753 928 παρών,
778 832 844 906 ἀλλ’
867 835 918 907 ὅτι
939 841 1038 908 λυπεῖ
1055 841 1189 926 μέλλων.

138 946 180 1021 Ὃ
200 947 261 1040 yolo
284 945 400 1039 παρόν,
419 942 479 1035 οὐχ
494 949 629 1034 ἐνοχλεῖ·
659 943 941 1039 προςδοκώμευου,
964 954 1062 1027 κεναῖς
1083 953 1189 1020 λυπεῖ.

154 1059 200 1130 To
222 1061 487 1152 φρικωδέστατον
497 1051 553 1127 oir
568 1062 632 1127 τῶν
646 1065 762 1143 κακῶν,
787 1054 975 1144 odinatae,
999 1057 1190 1153 οὕδὲυπρδς
1226 1121 1231 1130 .

128 1164 249 1262 ’ἡμᾶς’
277 1162 470 1262 ἐπειδήπερ,
499 1166 576 1239 ὅταν
601 1173 659 1257 μὲν
685 1165 778 1262 ἡμεῖς
805 1163 904 1257 ὦμεν,
933 1165 952 1240 ὁ
979 1165 1124 1250 &circeos
1151 1164 1218 1242 οῖ’

148 1276 320 1374 πάρεστιν·
344 1279 420 1350 ὅταν
442 1283 479 1349 δὲ
501 1275 518 1350 ὁ
536 1273 680 1359 θάνατος
696 1286 797 1374 παρῇ,
813 1275 886 1351 τόθ’
901 1276 993 1374 ήμεῖς
1009 1279 1067 1351 oin
1084 1284 1187 1370 ἐσμεν.

149 1388 234 1464 Οὔτε
256 1387 312 1462 oia
332 1388 419 1483 πρὸς
439 1388 517 1469 τούς
539 1393 660 1474 ζῶντας
682 1394 776 1476 ἐστὶν,
799 1387 875 1463 οὔτε
896 1389 983 1485 πρὸς
1003 1390 1081 1471 τούς
1101 1420 1189 1463 τετε-
1261 1454 1263 1461 .

149 1498 356 1596 teotonicae·
394 1497 572 1594 ἐπειδήπερ
600 1507 677 1595 περὶ
705 1501 763 1582 οὓς
788 1507 847 1592 μὲν
874 1499 931 1574 οὐκ
952 1505 1052 1573 ἐστίν·
1087 1509 1119 1575 οἱ
1153 1508 1191 1574 δὲ

150 1611 256 1685 οὐκέτι
278 1617 368 1684 εἰσίν.
382 1617 407 1708 ¹)
439 1621 533 1685 Hisce
548 1631 673 1699 autem,
702 1643 786 1708 quac
805 1622 961 1699 diximus,
992 1624 1188 1708 argumentis

149 1755 225 1796 usus
247 1733 374 1798 videtur
392 1736 551 1819 Epicurus
573 1734 606 1796 in
629 1735 769 1820 epistolis
788 1735 1025 1815 consolatoriis,
1046 1758 1126 1822 quas
1148 1736 1188 1799 do

149 1857 251 1910 morte
279 1848 517 1932 Hegesianactis
545 1848 585 1911 ad
620 1860 744 1934 patrem
773 1849 961 1915 Dositheum
992 1850 1189 1936 fratremque

149 1962 321 2046 Pyrsonem
342 1962 503 2046 scripsisse
521 1985 539 2026 a
559 1962 732 2027 Plutarcho
751 1964 881 2032 dicitur.
893 1959 920 2050 ²)
953 1963 1043 2028 Idem
1065 1985 1140 2027 eum
1155 1966 1190 2027 in

149 2076 197 2138 his
215 2098 346 2162 quoque
365 2076 507 2160 epistolis
519 2077 701 2141 Stoicorum
720 2068 887 2142 ἅπαθείαυ
902 2079 1105 2164 impugnasse
1121 2101 1189 2142 mo·

149 2202 223 2267 net,
247 2191 367 2275 quippe
388 2212 470 2276 quae
493 2212 530 2254 ex
550 2192 669 2274 majore
689 2193 772 2255 malo
792 2193 949 2278 originem
970 2192 1086 2271 ducat,
1110 2214 1189 2257 eru-

148 2303 278 2366 delitate
308 2304 460 2368 nimirum
486 2317 542 2369 aut
570 2305 778 2369 immoderata
805 2307 987 2393 arrogantia
1016 2319 1048 2370 et
1078 2307 1186 2386 rabie,

148 2428 245 2502 atque
264 2417 343 2481 haec
365 2441 534 2503 usurpasse
554 2420 671 2482 verba:
704 2409 760 2502 τήν
788 2414 835 2489 εἰςΙ
862 2410 901 2480 cri
929 2409 1062 2491 ἀπαθὲς
1088 2422 1189 2483 καθε-

145 2633 351 2643 -—-—--

145 2733 254 2810 λυθὲν,
291 2731 354 2797 ἀλλ”
374 2730 449 2818 αὐτή
479 2730 500 2818 ἠ
534 2731 673 2810 διάλυσις.
700 2747 845 2808 Meritoque
857 2745 1014 2794 Plutarchus
1032 2744 1142 2793 secundo
1156 2747 1189 2794 ii-

150 2843 259 2902 hroram,
276 2856 339 2904 quos
355 2841 386 2888 de
399 2842 506 2888 Homero
519 2842 665 2907 composuit,
681 2839 828 2903 imperfecte
842 2847 918 2902 atque
929 2847 1092 2904 praepostere
1112 2847 1189 2904 atque

145 2937 241 2983 inscite
257 2935 407 2999 syllogismo
421 2950 496 2981 usam
518 2951 573 2982 esse
592 2949 647 2981 eum
660 2933 767 2979 diceret
775 2947 784 2975 :
811 2947 860 2978 nom
884 2934 950 2995 quod
966 2936 1190 2997 proetemisissat

145 3028 215 3075 illud
230 3019 345 3100 λῆμμα,
369 3011 535 3091 όδάνιιτος
557 3017 662 3098 ψυχῆς
683 3015 731 3077 καὶ
747 3010 885 3094 σώματος
908 3010 1051 3090 διάλυσις·
1070 3042 1119 3090 qao
1140 3027 1189 3074 ad-

146 3122 210 3184 dito,
229 3124 414 3187 nihilomagis
433 3121 574 3185 efficietur,
597 3122 663 3185 quod
681 3124 736 3186 ipse
755 3122 853 3177 voluit5
881 3121 927 3168 sed
944 3121 1010 3183 quod
1033 3121 1188 3184 stupiditate
1252 3152 1254 3157 ,

147 3217 255 3278 quodam
271 3224 297 3263 et
314 3216 490 3264 crassitudine
508 3217 626 3280 ingenii,
645 3231 694 3262 noo
707 3215 883 3280 pervidisset,
911 3221 1032 3279 quantum
1053 3217 1122 3263 inter
1139 3213 1186 3279 id,

146 3310 212 3372 quod
227 3311 379 3357 dissolutum
395 3316 447 3374 est,
468 3317 493 3357 et
506 3311 589 3373 ι’μεαιιι
604 3310 797 3357 dissolutionem
811 3311 955 3359 interesset.
973 3311 1008 3358 cf.
1024 3310 1098 3372 Bayle
1114 3312 1186 3360 Dict.

148 3405 208 3454 hist.
228 3410 254 3451 et
275 3407 333 3454 crit.
359 3421 384 3455 v.
412 3405 525 3452 Luereee
545 3404 605 3453 vol.
625 3404 658 3453 11.
685 3419 708 3467 p.
729 3401 778 3452 215
797 3418 835 3465 sq.
860 3403 918 3452 Aul.
942 3402 1038 3450 Gellius
1057 3403 1090 3452 11.
1107 3403 1123 3450 8
1140 3404 1187 3452 ihi·

147 3514 196 3560 que
213 3498 324 3563 interpp.

183 3590 205 3656 l)
240 3593 312 3653 Diog.
332 3594 411 3642 Laert.
429 3593 457 3643 X.
476 3591 532 3643 125.

180 3686 205 3750 2)
241 3688 308 3736 Plut.
324 3687 382 3734 Nou
398 3704 473 3751 posse
490 3690 609 3735 suaviter
625 3689 682 3735 oiri
695 3701 745 3736 sec.
763 3687 838 3749 Epic.
858 3702 883 3749 p.
901 3682 974 3734 1101.
993 3685 1121 3745 Menegius
1140 3685 1185 3733 has

145 3782 264 3844 epistolas
279 3787 305 3830 et
320 3782 413 3829 librum
428 3771 496 3855 περὶ
518 3759 674 3854 doliturae
694 3765 716 3853 ή
734 3763 929 3851 Ἡγησιάναξ,
951 3794 1028 3841 quem
1043 3784 1185 3828 memorant

145 3875 216 3935 Diog.
237 3877 317 3925 Laert.
334 3876 362 3925 X.
382 3873 416 3923 27
433 3881 460 3923 et
475 3876 525 3924 Cic.
552 3876 582 3922 de
607 3876 669 3924 Not.
693 3877 805 3922 Deorum
829 3874 849 3924 Ι.
869 3871 920 3935 ll,
938 3873 1005 3920 idem
1023 3874 1100 3921 luisse
1120 3890 1184 3938 opus

145 3968 286 4018 contendit.
314 3969 418 4031 Quodsi
435 3985 522 4016 verum
541 3974 588 4030 est,
608 3949 731 4032 Epicurus
747 3967 775 4014 in
792 3967 842 4023 ¹illo
861 3966 926 4014 libro
944 3968 1045 4028 egregie
1059 3968 1182 4030 quaedam

145 4062 176 4109 de
192 4063 286 4126 pietate
299 4077 358 4122 erga
373 4065 437 4111 Deos
451 4063 535 4125 deque
553 4061 711 4125 providentia
727 4061 875 4125 proecepit,
889 4067 919 4108 ut
931 4062 1018 4111 Cicero
1032 4067 1120 4110 monet
1134 4061 1151 4106 l.
1164 4061 1180 4111 ¹.
