2648 4844
645 293 664 352 2

138 474 321 551 auferebat,
344 473 531 557 ingentique
554 493 606 534 eos
628 471 786 534 afficiebat
809 470 944 534 tristitia.
977 470 1058 531 Hinc
1078 470 1174 531 vitam

138 587 259 650 homini
280 586 320 649 ab
339 585 446 648 invido
465 585 531 647 Deo
548 581 596 654 εἰς
613 580 771 667 τιμωρίαν
786 583 892 645 datam
913 583 1174 658 arbitrabantur,

139 713 175 764 ut
195 701 263 784 ipse
282 719 393 787 eorum
415 697 648 760 calamitatibus
670 697 863 773 laetaretur3
899 696 974 759 hinc
995 707 1041 758 tot
1062 695 1174 758 condi-

139 812 256 899 derunt
278 833 386 896 opera,
410 811 526 896 quibus
557 832 607 873 res
629 809 782 872 humanas
805 806 1072 894 deplorarunt1);
1099 809 1175 871 hinc

140 926 364 989 celebrabatur
385 925 513 987 Hesiodi
535 925 634 986 illud:

243 1111 346 1200 Πλείη
372 1109 429 1193 μὲν
450 1109 510 1199 γάρ
533 1115 608 1197 γαῖα
630 1111 750 1190 neusin,
773 1109 870 1198 πλείη
892 1109 929 1176 δὲ
949 1103 1106 1175 θάλασσα

244 1225 371 1291 Νοῦσοι
393 1215 419 1288 d
423 1213 642 1310 ἀνθρώποισιν
663 1213 821 1310 ἐφ’ἦμὲρῃ
848 1213 955 1309 rident
978 1221 1064 1286 νυκτὶ

242 1333 433 1424 ’Λυτόματοι
454 1340 615 1429 φοιτῶσι,Ἰ
632 1332 713 1405 κακοὶ
735 1343 878 1427 θνητοῖσι
900 1338 1072 1428 φέρουσαι.
1085 1339 1111 1425 ²)

142 1533 241 1594 lmmo
263 1552 338 1592 vero
361 1552 398 1592 eo
417 1528 652 1612 procedebant,
676 1527 815 1591 utillud
837 1528 960 1611 ipsum,
984 1551 1050 1592 esse
1074 1531 1176 1593 bomi-

142 1668 224 1722 nem,
237 1644 335 1708 multa
348 1645 429 1706 mala
440 1641 620 1727 significare
633 1642 872 1720 contenderent,
883 1642 967 1705 unde
979 1644 1136 1728 Diphilus:
1148 1641 1174 1729 3)

237 1820 438 1917 Ἄνθρωπός
459 1827 544 1912 εἰμι,
567 1822 664 1894 issico
688 1820 797 1894 dederi
818 1828 866 1912 τῷ
887 1827 952 1911 βίῳ

243 1937 421 2035 Πρόφασιν
442 1943 593 2032 μεγίστην
615 1944 663 2020 εἰς
683 1939 722 2011 τό
744 1947 925 2011 λυπεῖσθαι
947 1945 1053 2034 φέρει.

185 2162 332 2225 Attamen
348 2171 444 2244 prout
462 2160 600 2225 humana
619 2162 682 2223 fert
698 2172 822 2238 natura,
843 2162 922 2223 atsi
945 2182 1042 2245 quem
1064 2182 1178 2223 onera·

142 2285 210 2339 tum
231 2274 279 2337 vel
298 2274 449 2358 periculi-s
471 2286 648 2337 versantem
667 2275 893 2357 conspicimus,
911 2275 940 2336 ei
952 2295 1178 2337 succurramus

142 2399 173 2450 et
184 2386 290 2472 quoad
302 2389 369 2470 ejus
381 2385 450 2449 fieri
462 2398 576 2470 potest,
589 2386 740 2449 molestiis
751 2387 966 2466 sublevemus,
984 2388 1029 2450 sic
1046 2409 1178 2472 quoque

141 2500 325 2586 lugentibus
336 2499 421 2562 haud
433 2499 534 2564 deluit
545 2500 710 2564 auxilium.
736 2500 869 2564 Adstare
886 2502 971 2564 enirn
979 2502 1016 2563 iis
1033 2501 1179 2564 solebant

141 2614 254 2691 amici,
275 2614 332 2698 qui
351 2612 565 2699 colloquendo
594 2614 619 2675 si
643 2636 705 2676 non
732 2614 869 2689 auferre,
893 2626 999 2710 tamen
1031 2615 1177 2677 minuere

142 2720 279 2803 dolores,
302 2738 333 2788 et
355 2726 576 2789 adhortatione
594 2726 720 2790 efficere
742 2726 930 2805 studebant,
953 2740 990 2791 ut
1012 2727 1176 2791 calamita-

142 2852 189 2902 tes
211 2834 314 2922 aequo
336 2839 458 2901 ferrent
478 2840 595 2917 animo,
619 2861 723 2924 neque
745 2862 889 2904 moerore
910 2862 979 2904 sess
1000 2840 1041 2904 ad
1063 2840 1179 2924 despe-

143 2954 298 3017 rationem
325 2951 400 3016 duci
428 2954 578 3018 sinerent.
624 2955 676 3017 Sic
698 2965 804 3017 ortum
832 2966 878 3017 est
901 2954 1085 3018 consolandi
1107 2978 1180 3018 mu·

144 3089 214 3145 nus,
232 3065 318 3151 quod
335 3066 492 3129 humanae
513 3077 644 3134 naturae
663 3068 705 3130 ita
718 3068 876 3144 convenit,
896 3079 931 3131 ut
942 3067 1028 3132 haud
1040 3068 1179 3132 absurde

143 3200 291 3241 unacum
311 3179 386 3241 ortis
399 3161 631 3241 calamitatibus
643 3191 748 3242 natam
772 3181 1019 3245 consolationem
1041 3181 1177 3246 diceres.

112 3312 115 3318 ·
144 3292 211 3354 Hoc
230 3313 345 3354 munus
367 3302 477 3375 postea
497 3292 555 3358 sibi
579 3292 751 3358 vindicavit
770 3295 982 3379 philosophia,
1003 3318 1085 3381 quae
1097 3317 1180 3360 cou-

178 3536 203 3600 1)
239 3539 295 3586 vid.
313 3540 434 3587 Welcker
451 3542 581 3590 Proditus
599 3557 653 3589 eoru
672 3545 753 3607 Keos,
783 3544 930 3609 Vorgdnger
944 3545 989 3592 des
1011 3546 1132 3593 Sokrates
1151 3546 1177 3593 iu

144 3632 237 3681 ttteia
252 3634 370 3680 Muscam
379 3634 431 3694 fair
450 3636 520 3684 Phil.
538 3636 593 3684 Vol.
615 3637 641 3698 l,
660 3653 684 3700 p.
701 3636 752 3685 608
762 3637 870 3700 -627,
891 3640 936 3715 qui
949 3643 1062 3687 veterum
1077 3639 1125 3687 hac
1146 3640 1179 3688 ds

143 3741 171 3772 re
190 3726 283 3788 scripta
298 3727 383 3774 refert.

177 3813 203 3877 a)
238 3818 337 3866 nenos.
357 3805 427 3890 Epy.
449 3834 474 3871 κ.
489 3806 559 3888 'Hp
578 3837 614 3868 vs.
625 3819 683 3869 101.

177 3906 203 3970 3)
238 3910 312 3973 Apud
338 3912 472 3967 Stobaeum
493 3915 558 3962 Flos.
579 3921 597 3963 t.
618 3913 667 3977 98,
691 3915 708 3964 6
732 3915 775 3964 Ed.
805 3918 888 3978 (laiss,
913 3935 965 3981 quo
992 3919 1068 3965 titulo
1093 3919 1180 3982 plures

143 4003 287 4052 huiusmodi
304 4006 467 4069 antiquorum
485 4010 625 4056 sententias
648 4010 760 4069 collegit.
1161 4029 1163 4032 ’
