2648 4844
638 293 680 355 93

138 477 185 540 Ile
203 475 251 537 his
267 475 367 559 igitur
388 473 449 535 hoc
470 472 541 536 loco
569 473 630 533 erit
648 471 829 555 agendum,
855 482 911 548 ut,
935 471 1052 555 quihus
1073 473 1106 534 in
1133 473 1181 536 his

140 588 374 654 calamitatibus
407 587 455 648 usi
488 586 550 648 sint
583 584 768 649 consolandi
802 586 1019 668 argumentis,
1055 588 1181 671 perspi-

140 726 238 767 cuum
258 701 324 766 fiat.

206 815 370 878 Senectuti
411 814 471 876 tria
508 813 707 896 potissimum
740 812 854 893 juncta
887 834 953 874 1111
993 813 1073 876 mala
1106 836 1181 878 con-

141 931 247 1014 questi
274 939 349 991 sunt
376 926 529 1010 plurimi,
563 927 702 1008 primurn
733 926 820 1010 quod
845 927 969 990 auferat
995 949 1033 990 ac
1051 949 1181 1011 prorsus

142 1044 322 1126 exstinguat
343 1040 556 1125 cupiditates,
582 1038 697 1100 deinde
718 1039 805 1122 quod
828 1050 1023 1103 contemtum
1046 1024 1181 1104 aliorum

141 1157 280 1232 excitet,
324 1152 452 1216 tandem
491 1152 577 1237 quod
608 1153 738 1236 propius
770 1152 852 1214 absit
880 1176 897 1215 a
927 1166 1039 1218 morte.
1096 1157 1183 1218 Haec

142 1270 242 1354 igitur
264 1269 348 1330 mala
369 1267 531 1343 minuere,
564 1287 669 1350 neque
700 1277 786 1328 tanta
820 1288 904 1344 1111,
930 1290 1014 1353 quae
1040 1270 1183 1353 aegritu-

141 1382 249 1445 dinem
279 1382 374 1444 animi
409 1391 645 1457 commoveant,
683 1380 848 1443 ostendere
884 1380 1077 1445 stud-uerunt
1109 1383 1181 1466 phi-

141 1496 285 1579 losophi,
307 1495 538 1558 consolantium
557 1515 691 1556 munere
713 1494 892 1577 fungentes.
930 1497 1054 1558 Primus
1077 1508 1183 1560 autem

142 1633 179 1672 ex
199 1610 238 1670 iis
253 1609 317 1672 huc
334 1610 366 1670 in
385 1630 514 1671 censum
527 1609 613 1669 venit
631 1606 755 1684 Plato,
781 1609 857 1692 qui,
871 1609 1012 1691 inopere
1030 1610 1069 1673 de
1087 1633 1182 1694 repu-

142 1724 247 1800 blica,
272 1721 402 1804 Cephali
424 1743 600 1783 sermonem
620 1720 659 1782 de
682 1731 846 1784 senectute
880 1722 987 1785 refert.
1003 1719 1029 1807 ¹)
1072 1725 1184 1809 Neque

142 1838 260 1899 mirurn
290 1857 356 1896 esse
388 1846 507 1918 potest,
535 1834 710 1918 Cephalum
738 1835 935 1919 potissimum
958 1859 974 1897 a
995 1837 1184 1921 philosopho

142 1950 203 2013 hae
236 1948 276 2010 de
306 1971 340 2011 re
370 1948 530 2011 dicentem
562 1948 732 2012 inductum
765 1970 852 2026 esse,
878 1950 998 2034 quippe
1031 1952 1086 2034 qui
1117 1953 1185 2034 ipse

143 2086 255 2142 senex,
282 2084 365 2147 quae
390 2073 493 2124 essent
515 2073 546 2124 et
569 2063 677 2147 qualia
700 2063 872 2125 senectutis
892 2063 991 2141 mala,
1016 2066 1134 2147 optime
1154 2077 1185 2129 et

143 2181 226 2241 scire
252 2188 283 2239 et
316 2175 431 2238 docere
461 2186 582 2259 posset3
609 2197 673 2260 qua
701 2177 733 2237 in
753 2198 787 2238 re
808 2175 893 2238 haud
914 2176 1058 2240 discessit
1077 2201 1094 2240 a
1114 2180 1185 2243 Pla-

143 2304 217 2354 tone
245 2312 301 2352 suo
331 2289 463 2367 Cicer0‚
500 2289 615 2373 primas
645 2291 678 2351 in
704 2289 786 2351 libro
818 2289 858 2351 de
881 2301 1053 2352 senectute
1080 2304 1187 2375 partes

144 2407 211 2467 seni
241 2404 351 2468 Catoni
376 2403 530 2498 tribuens.
545 2397 573 2487 ²)
617 2403 732 2487 Itaque
754 2403 911 2486 Cephalus
936 2427 953 2466 a
980 2405 1186 2468 8001111111-

144 2530 346 2603 terrogatus,
373 2517 476 2600 qualis
496 2518 555 2600 ipsi
581 2516 726 2579 videatur
740 2529 914 2595 senectus,
939 2540 1033 2602 saepe
1056 2541 1087 2582 se
1108 2543 1185 2585 con-

146 2633 266 2694 venisse
283 2632 327 2692 ait
347 2630 423 2692 alios
443 2652 551 2706 senes,
577 2631 633 2714 qui
651 2632 733 2693 vitae
760 2631 976 2714 voluptatibus
996 2651 1029 2693 se
1047 2634 1187 2716 privatos

146 2769 213 2809 esso
231 2757 262 2807 et
281 2769 298 2807 a
318 2744 530 2809 familiaribus
548 2745 689 2809 ludibrio
701 2745 812 2808 haberi
825 2757 1117 2831 conquererentur,
1131 2772 1187 2811 ne-

145 2883 209 2945 que
227 2860 322 2922 vitam
347 2858 408 2922 hac
428 2861 550 2920 ratione
568 2858 693 2934 vitalem
712 2881 777 2920 esse
797 2861 1024 2922 existimarent.
1048 2862 1089 2925 At
1112 2884 1187 2927 vero

145 2974 211 3050 illi,
238 2974 282 3036 sic
313 2974 439 3057 pergit,
465 2994 527 3034 non
556 2993 662 3034 veram
685 2973 730 3034 rei
761 2993 904 3035 caussam
930 2973 1087 3051 afferunt,
1114 2997 1186 3037 narn

146 3089 171 3150 si
193 3098 339 3149 senectus
367 3086 432 3148 sola
462 3097 542 3147 esset
577 3084 870 3174 horum-malorum
893 3087 1054 3165 1111111111,
1078 3109 1189 3150 omnes

145 3202 184 3262 iis
208 3211 452 3284 premerentur,
479 3199 677 3283 quicumque
700 3199 738 3261 ad
769 3222 838 3260 earn
860 3211 994 3262 aetatem
1023 3202 1187 3283 pervenis-

146 3326 227 3377 sent.
263 3313 324 3376 Sed
356 3335 429 3375 vera
460 3334 571 3374 caussa
604 3313 636 3373 in
669 3310 833 3374 hominurn
864 3315 1005 3376 moribus
1028 3312 1124 3393 latet3
1151 3308 1190 3378 ‹b›

117 3461 123 3465 -
145 3424 203 3505 μὲν
225 3417 285 3510 γὰρ
309 3414 436 3504 κόσμιοι
459 3422 511 3485 καὶ
535 3414 659 3486 aduolat
683 3411 757 3500 aiot,
786 3421 839 3484 not
865 3416 903 3485 ad
926 3425 1026 3509 γῆρας
1047 3423 1212 3510 prea‘piorg'

146 3533 232 3600 ἐστὶν
259 3534 430 3599 ἐπίπονον·
458 3531 488 3596 ei
515 3532 549 3596 di
577 3528 635 3620 μή,
659 3532 710 3595 καὶ
734 3533 834 3618 γῆρας
856 3531 907 3594 καὶ
931 3525 1188 3622 redemerant}

183 3833 208 3897 l)
244 3835 307 3885 Plat,
329 3837 406 3881 Polis.
428 3851 451 3898 p.
469 3832 527 3880 329.

182 3927 208 3990 2)
245 3929 300 3976 Vid.
330 3929 376 3976 hac
400 3929 432 3975 de
454 3944 481 3976 re
512 3928 565 3978 Van
587 3927 633 3973 der
651 3928 710 4005 Tonv
728 3929 821 3975 Comm.
843 3928 869 3974 in
895 3928 960 3976 111111.
990 3926 1066 3975 Acad.
1095 3927 1184 3975 Loran.

147 4020 217 4069 1820
228 4054 258 4060 -
271 4019 333 4067 1821
353 4038 377 4083 p.
394 4021 435 4068 15.
