2648 4844
645 308 687 369 79

143 459 261 550 Pacuio
289 507 346 547 suo
378 487 497 549 Romae
525 485 710 549 tradendam
737 487 871 550 curarit.
928 487 965 549 In
995 486 1050 550 illa
1073 499 1182 552 autem

143 610 315 684 praecepta
345 598 501 683 quaedam
527 599 642 676 tradit,
678 599 794 684 quibus
822 600 893 684 quis
918 600 1061 663 animum
1090 611 1182 664 tran-

143 714 249 799 quillo
268 722 350 775 statu
370 734 493 774 servare
512 713 628 796 possit,
652 724 748 797 atque
771 735 880 775 eorum
893 712 1040 776 deridens
1051 725 1181 776 senten-

143 828 236 904 tiam,
255 826 312 910 qui
331 825 414 889 hanc
425 827 552 888 illamve
564 826 689 888 vivendi
707 828 860 901 rationem
877 827 916 889 ad
935 815 1094 908 εὐθυμίαν
1105 828 1182 911 plu-

144 941 263 1002 rimum
296 939 402 1002 facere
435 949 628 1017 statuerent,
662 939 823 1024 quomodo
848 939 979 1002 ferenda
1011 940 1072 1001 sint
1099 940 1182 1003 vitae

142 1053 246 1131 mala,
279 1052 460 1137 quibusque
490 1053 685 1137 argumentis
718 1055 790 1138 quis
812 1075 844 1116 se
873 1053 940 1137 ipse
969 1051 1127 1116 consolari
1149 1065 1181 1118 et

143 1166 269 1250 erigere
293 1164 428 1245 debeat,
459 1165 565 1230 docet.
614 1164 685 1228 Τιόν
703 1154 808 1248 λόγων
823 1155 903 1253 γαρ,
923 1167 985 1242 ait,
1003 1156 1078 1231 ὅσοι
1095 1156 1181 1252 πρὸς

140 1270 185 1343 τοὶ
200 1269 296 1363 πάθη
310 1279 484 1364 βοηθοῦσι,
496 1280 548 1343 δεῖ
561 1268 629 1369 πρό
645 1275 709 1340 τῶν
725 1280 846 1344 παθῶν
861 1269 1090 1360 ἐπιμελεῖσθαι
1104 1268 1182 1350 τούς

141 1388 216 1454 νοῦν
233 1384 379 1474 ἕχονιας,
396 1381 433 1452 ἵν’
455 1381 489 1454 ἐκ
505 1389 631 1455 πολλοῦ
648 1388 948 1480 παρεσκευασμένοι
963 1388 1084 1468 μᾶλλον
1092 1379 1182 1477 niqa-

141 1503 287 1591 tetram)
336 1506 431 1587 Quod
447 1508 584 1592 pulchra
613 1508 730 1572 deinde
757 1508 896 1592 imagine
924 1506 1110 1571 adumbrat:
1145 1515 1182 1568 ut

142 1621 227 1682 enim
251 1641 344 1683 canes
365 1623 475 1705 quavis
495 1622 597 1685 aliena
617 1644 694 1685 voce
722 1621 859 1698 irritati,
885 1619 951 1683 sold
970 1619 1025 1698 ed,
1051 1620 1105 1682 cui
1121 1618 1182 1682 ad-

141 1745 335 1811 sueverunt,
360 1733 603 1812 demulcentur,
629 1736 674 1798 sie
694 1755 825 1819 quoque
846 1733 944 1818 animi
962 1744 1067 1795 motus
1087 1753 1181 1794 nemo

141 1845 240 1908 facile
268 1845 470 1924 deliniverit,
503 1849 563 1911 nisi
593 1848 730 1910 rationes
760 1844 931 1910 familiares
957 1844 997 1908 ad
1016 1830 1181 1908 turbatum

140 1960 283 2022 animum
299 1960 492 2045 placandum
512 1962 573 2022 sint
584 1972 719 2045 praesto.
744 1949 804 2023 Διὸ
815 1948 871 2044 τὴν
886 1949 989 2046 πηγήν
1002 1955 1061 2043 τῆς
1077 1945 1181 2018 adan-

140 2071 232 2154 μίας,
251 2068 283 2134 ἐν
296 2059 514 2146 aduniendam
523 2065 613 2158 ἡμῖν,
631 2071 890 2158 ἐκκαθαίρωμεν,
902 2064 955 2136 ἵνα
963 2064 1065 2137 unire}
1072 2062 1180 2150 ἕκτος,

141 2177 186 2256 ὡς
203 2183 306 2248 οἰκεῖα
322 2183 375 2246 καὶ
390 2183 494 2270 φίλια,
510 2177 554 2272 μή
569 2186 719 2268 χαλεπῶς
734 2184 911 2271 χρωμένοις
928 2171 1144 2270 συμφέρηται.
1155 2179 1180 2266 ²)

140 2301 182 2364 Ut
209 2301 309 2386 igitur
337 2302 489 2363 Paccium
520 2300 654 2377 doceat,
689 2321 793 2384 aequo
823 2298 928 2360 animo
955 2294 1086 2381 ferenda
1112 2315 1180 2356 esse

139 2415 242 2493 mala,
282 2416 326 2477 ita
354 2413 462 2500 pergit
487 2414 707 2498 philosophus.
765 2412 855 2474 Plato
883 2411 979 2472 vitam
1008 2409 1181 2472 humanam

139 2530 334 2613 compararit
362 2550 436 2590 eum
465 2540 656 2591 tesserarum
687 2526 784 2604 ludo,
810 2547 874 2610 quo
898 2523 1086 2606 jaciendum
1113 2533 1178 2600 est,

140 2654 171 2705 et
197 2641 285 2727 quod
305 2643 397 2724 jactu
418 2642 554 2721 cecidit,
589 2640 823 2726 accipiendum.
879 2637 965 2701 lllud
987 2636 1118 2721 quidem
1140 2634 1180 2698 ad

140 2779 195 2818 nos
226 2778 289 2825 non
316 2758 473 2840 pertinet,
507 2755 561 2818 sed
583 2756 709 2837 jactum
737 2754 982 2830 convenienter,
1014 2762 1044 2813 et
1062 2762 1098 2813 ut
1119 2748 1179 2812 de-

139 2882 202 2948 cet,
227 2870 393 2954 accipere,
417 2870 479 2933 hoc
497 2871 528 2932 in
551 2881 656 2932 nostra
673 2880 719 2930 est
737 2877 903 2952 potestate.
929 2866 1033 2949 Aegre
1056 2863 1179 2927 idcireo

139 3006 202 3046 nnn
234 2995 307 3046 sunt
334 2983 487 3062 ferenda,
521 3005 603 3068 quae
632 2982 722 3045 nobis
754 2982 785 3042 in
815 2980 877 3041 vita
907 2979 1011 3039 minus
1027 2996 1179 3060 prospere

141 3096 278 3174 cedant,
315 3119 415 3182 quum
449 3099 532 3161 facta
561 3099 679 3160 infecta
710 3094 844 3158 reddere
872 3111 1087 3176 nequeamus,
1123 3087 1179 3151 sed

140 3198 228 3297 quae*
254 3212 345 3274 nohis
367 3212 561 3289 obveniunt,
587 3213 620 3274 in
638 3223 780 3273 nostrum
801 3206 1004 3271 commodum
1024 3214 1097 3266 sunt
1117 3201 1178 3266 ad-

139 3325 287 3390 hibenda.
300 3322 325 3412 3)
357 3325 507 3388 Imitandi
526 3347 622 3409 porro
642 3335 715 3386 sunt
734 3323 814 3399 viri,
840 3322 897 3404 qui
915 3321 948 3381 in
959 3317 1071 3380 iisdem
1080 3317 1177 3379 rebus

139 3441 234 3503 fortes
257 3462 324 3502 sese
343 3440 573 3523 praebuerunt.
599 3439 640 3502 Ut
660 3439 745 3499 enim
764 3434 908 3520 aegroti,
934 3431 1054 3516 quibus
1071 3430 1176 3492 omnia

137 3576 243 3643 amara
264 3554 433 3632 ridentur,
458 3556 483 3616 si
500 3554 578 3616 alios
600 3552 710 3615 eadem
733 3571 808 3613 eum
827 3547 990 3629 voluptate
1012 3552 1175 3628 gustantes

139 3716 347 3724 unum—‘u—

170 3830 195 3893 1)
231 3832 290 3878 Plut
306 3821 371 3897 περὶ
389 3816 535 3892 nimmia<
555 3848 579 3893 p.
597 3828 646 3876 465
664 3830 690 3877 G.

168 3923 195 3988 a)
230 3925 293 3975 rna
313 3942 337 3988 p.
357 3923 453 3972 tera.

168 4018 194 4080 a)
230 4018 448 4083 nupsere
