2648 4844
633 322 674 382 78

138 529 226 583 eoru,
251 528 334 591 qseue
352 524 467 566 reusam
486 503 691 566 obscuritate
703 504 918 586 grauitatis,
935 514 967 564 et
983 500 1175 563 distinctio-

137 643 219 682 ntem
238 621 391 681 acumine
408 617 623 680 subtilitatis
641 620 783 699 speeiem
799 612 993 698 reflecteret,
1017 615 1078 678 sed
1094 639 1176 701 quoe

139 754 259 797 errore·
278 744 309 795 et
334 733 578 815 superstitione
606 731 784 808 liberaret,
816 744 962 816 essetque
986 733 1080 794 vitoe
1106 753 1176 793 rua-

42 838 47 844 *
135 851 256 934 gistru
282 860 314 909 et
344 846 524 929 expultrix
551 848 727 908 vitiorum.
751 842 776 929 ¹)
822 845 915 925 Quod
949 867 1050 929 quum
1079 847 1177 930 ipsius

139 973 220 1024 esset
250 959 409 1022 scribendi
434 959 649 1042 propositum,
674 957 743 1019 fieri
760 981 823 1020 non
841 959 963 1042 potuit,
990 960 1069 1043 quin
1086 959 1179 1021 mise·

140 1075 183 1136 ris
203 1094 413 1150 succurrere,
447 1094 585 1157 eosque,
616 1071 722 1156 quoad
751 1072 821 1134 fieri
848 1083 977 1156 posset,
1007 1072 1180 1136 1110111110-

141 1186 328 1270 loribusque
357 1186 495 1248 liberare
528 1187 560 1246 in
590 1185 715 1268 scriptis
743 1185 807 1247 suis
837 1185 989 1250 studeret.
1036 1186 1180 1248 Servatus

140 1300 263 1363 idcirco
289 1299 379 1361 nobis
407 1299 608 1384 gratulamur
628 1308 691 1359 tres
711 1297 805 1360 huius
827 1298 1008 1383 philosophi
1033 1300 1181 1362 consola-

141 1413 260 1490 tiones,
287 1412 403 1496 quibus
423 1422 454 1473 et
466 1410 671 1495 Apollonium
690 1410 728 1472 de
750 1423 853 1474 morte
869 1411 928 1472 filii
949 1411 1180 1489 adolescentis,

142 1538 173 1588 et
207 1547 338 1588 uxorem
369 1547 458 1587 suam
489 1525 528 1588 de
551 1525 640 1588 obitu
670 1524 773 1603 filiae,
810 1536 841 1587 et
863 1527 1001 1588 amicum
1031 1525 1071 1588 de
1102 1528 1181 1588 exsi-

141 1639 184 1702 110
205 1640 397 1705 consolatur.
438 1640 562 1721 Quibus
585 1650 736 1724 quartum
755 1638 853 1723 ipsius
872 1638 1017 1702 addimus
1038 1639 1182 1702 consola-

141 1754 260 1817 torium
287 1777 367 1838 opus
396 1749 478 1836 napi
506 1742 685 1831 1111111111ος,
718 1773 783 1836 quo
812 1752 1046 1815 deminuendo
1072 1733 1183 1816 dolore

141 1867 298 1952 quaedam
316 1851 523 1929 invehi-untur
536 1876 726 1949 praecepta.
739 1861 765 1950 2)
791 1865 838 1928 De
859 1865 993 1950 singulis
1013 1867 1115 1952 igitur
1138 1888 1183 1928 se-

141 1982 276 2066 paratim
297 2003 450 2066 agamus,
475 1990 511 2041 ut
538 1999 621 2064 quae
642 1979 674 2040 in
695 1979 734 2040 iis
756 1979 939 2042 consolandi
965 1993 1184 2065 proponantur

142 2106 349 2178 argumenta,
376 2115 614 2179 cognoscamus.

186 2207 271 2270 Libri
290 2203 368 2292 περὶ
392 2197 552 2286 εὐθυμίας
570 2206 748 2285 scribendi,
772 2205 851 2270 haec
870 2207 1043 2270 Plutarcho
1065 2229 1185 2292 oppor-

143 2323 262 2384 tunitas
278 2321 349 2384 fuit.
384 2321 517 2383 Paccius
546 2320 678 2404 epistola
705 2343 778 2384 eum
808 2320 994 2384 adhortatus
1024 2335 1185 2401 erat,‘ut

143 2436 183 2498 de
215 2437 312 2498 animi
334 2435 567 2520 tranquillitate
596 2435 656 2497 sibi
678 2436 852 2514 scriberet,
878 2457 980 2520 quum
1001 2437 1069 2520 ipse
1089 2437 1185 2500 rebus

143 2548 323 2612 domesticis
353 2549 457 2610 animo
484 2548 648 2610 turbatum
668 2570 701 2610 se
727 2544 869 2613 sentiret.
922 2551 1035 2635 ltaque
1059 2553 1185 2614 Plutar-

144 2662 242 2740 chus,
269 2674 315 2733 ,111
342 2663 437 2725 amici
466 2663 660 2724 satisfaceret
684 2663 855 2746 precibus,
891 2685 927 2726 ex
951 2667 1187 2728 commentariis

144 2776 208 2837 suis
221 2774 377 2861 quaedam
389 2775 428 2838 de
440 2774 502 2838 hoc
513 2788 703 2861 argumento
718 2778 751 2838 in
771 2778 903 2861 epistola
917 2777 1065 2861 collegit,
1091 2800 1186 2864 quam

148 2975 259 2982 .--....
269 2974 349 2980 ---

180 3078 205 3141 1}
242 3077 375 3138 Wyttenb.
398 3077 484 3136 Praof.
503 3077 537 3123 nd
556 3077 726 3124 Plutarchum
744 3079 774 3126 de
792 3094 851 3126 sero
869 3074 935 3127 num.
957 3081 1026 3128 vind.
1046 3082 1104 3128 init.

180 3168 206 3232 2)
242 3171 331 3216 Mirum
345 3173 393 3230 est,
406 3169 633 3229 Wyttenbachium
648 3171 778 3219 Plutarchi
796 3163 863 3243 περὶ
885 3159 1032 3240 trir‘ltptt'otg
1050 3176 1144 3223 librum
1163 3178 1186 3222 in

146 3263 248 3325 scriptis
272 3261 446 3309 consolatoriis
470 3279 522 3310 non
547 3281 725 3328 enumerasse,
752 3283 832 3329 quum
850 3267 988 3315 Democriti
1007 3274 1034 3316 et
1053 3268 1188 3333 Hipparchi

146 3359 177 3407 de
199 3357 288 3405 eodem
303 3363 453 3418 argumento
473 3374 548 3421 opera
567 3360 640 3407 iniis
660 3365 806 3422 recenseat,
826 3360 852 3408 in
872 3369 958 3409 annot.
979 3362 1009 3409 ad
1028 3362 1096 3410 Plnt.
1117 3364 1186 3432 Poris.

146 3453 182 3501 od
198 3453 282 3517 Apoll.
303 3453 359 3500 Vol.
382 3452 426 3499 VI.
447 3469 471 3515 p.
490 3452 550 3501 698.
587 3454 616 3500 In
633 3454 763 3503 Plutarchi
780 3455 899 3518 operibus
915 3457 1042 3520 Lampriae
1062 3450 1207 3518 catalogue

146 3564 215 3596 num.
234 3545 284 3594 109
300 3546 392 3607 habet,
408 3533 658 3618 nupopvtturuig
670 3534 746 3618 uode
756 3533 984 3622 Ἀσκληπιάδην,
1006 3567 1082 3612 quem
1098 3552 1187 3599 librum

147 3641 273 3688 diversum
299 3641 374 3687 fuisse
398 3641 429 3687 111
454 3655 499 3702 eo,
517 3658 592 3704 quem
611 3643 642 3690 ad
658 3644 821 3708 Apollonium
840 3645 955 3708 scripsit,
975 3646 1110 3708 Wyttenb.
1130 3645 1194 3694 ibide

147 3753 171 3798 p.
196 3733 246 3783 695
272 3734 392 3782 adversus
411 3735 587 3781 Hoeschelinm
605 3737 745 3784 contendit.
782 3738 812 3784 In
828 3739 916 3785 eodem
934 3740 1060 3802 Lampriae
1078 3741 1190 3801 catalogo

147 3844 217 3876 1111111.
236 3827 286 3875 152
308 3835 462 3876 memoratur
487 3812 616 3876 Plutarchi
634 3830 714 3892 liber,
736 3817 987 3903 παραμνθητικτῗς
1009 3817 1087 3900 uode
1106 3824 1190 3904 (Dipo-

148 3909 227 3986 elno,
246 3923 320 3970 hodie
348 3923 504 3985 deperditus.
536 3925 572 3970 hd
596 3929 710 3972 nostrum
733 3927 808 3973 etiarn
835 3933 1012 3987 argumentum
1041 3927 1190 3989 pertinuisse

148 4016 371 4063 videtureiusdem
381 4017 460 4078 liber,
478 4007 544 4085 περὶ
557 4003 692 4082 silviniac,
711 4037 724 4067 a
744 4021 856 4082 Lampria
876 4026 1029 4067 memoratus
1045 4036 1114 4067 1111111.
1135 4017 1190 4067 163.
