2648 4844
691 349 753 409 162

201 520 338 616 ποιήτην
366 521 462 609 ἔχειν,
490 526 544 589 καὶ
571 523 713 612 πατέρα,
742 522 796 586 καὶ
823 514 998 610 κηδεμόνα,
1027 513 1136 587 orinia
1160 512 1246 610 ἡμᾶς

201 629 407 725 ἐξαιρήσεται
428 637 540 702 λυπῶν
553 637 604 700 καὶ
622 625 752 724 φόβου·
765 633 791 722 ¹)
828 637 953 701 Etenim
970 636 1049 701 baec
1070 637 1128 721 qui
1148 657 1245 720 repu-

201 753 332 831 taverit,
357 773 420 814 non
447 752 583 835 amplius
603 750 712 814 futura
739 763 882 829 metuet,
908 751 1030 836 quippe
1050 772 1135 836 quae
1160 750 1244 813 boni

197 842 403 930 'Providentiri
428 866 495 951 regi
526 876 557 927 et
584 864 725 928 ordinari
754 865 850 944 sciat,
886 863 940 928 sed
969 864 1243 949 acquiescendum

201 981 260 1043 sibi
288 1001 354 1041 esse
382 979 573 1042 existimabit
594 979 735 1042 Deorum
760 978 917 1057 decretis,
943 1000 1027 1064 qnae
1052 978 1180 1041 bonane
1204 1000 1243 1040 an

201 1093 284 1157 mala
309 1094 390 1171 sint,
411 1093 559 1176 judicare
589 1094 649 1177 ipsi
682 1115 745 1156 non
769 1093 874 1158 liceat.
912 1090 969 1165 Ὶὶς
990 1083 1050 1177 γὰρ
1075 1081 1177 1173 οἶδεν,
1200 1094 1243 1155 ait

199 1207 408 1284 Plutarchus,
434 1195 498 1269 eid
517 1196 596 1277 θεὸς
617 1204 783 1291 πατρικῶς
805 1196 970 1291 προειδιδς
991 1199 1047 1264 καὶ
1067 1191 1243 1288 κηδόμενος
1288 1281 1290 1287 Ι

199 1318 259 1383 τοῦ
282 1310 493 1405 ἀνθρωπείου
515 1314 640 1401 γένους,
664 1306 899 1403 προορώμενος
919 1306 961 1377 τοὶ
982 1311 1142 1395 μέλλοντα
1162 1332 1242 1397 συμ-

198 1419 380 1516 βήσεσθαι,
409 1417 586 1514 προεξάγει
610 1419 698 1500 τινδς
724 1424 758 1496 ,ἐκ
779 1426 839 1491 τοῦ
861 1425 918 1513 ζῆν
940 1412 1123 1511 ἆώρουςςὲ)
1160 1428 1240 1491 Hinc

199 1542 276 1604 item
297 1540 398 1622 major
418 1540 544 1604 accedit
569 1540 701 1603 caeteris
727 1540 924 1625 argumentis
946 1538 1143 1618 auctoritas,
1168 1539 1241 1604 hinc

199 1655 299 1740 magis
332 1654 543 1739 persuadetur
573 1654 682 1732 nobis,
707 1653 840 1715 meliore
860 1675 947 1717 nunc
970 1653 1035 1716 frui
1061 1653 1241 1716 conditione

199 1790 275 1847 eos,
308 1791 388 1853 quos
415 1780 517 1831 morte
548 1768 739 1846 amisimus‚.
766 1788 868 1851 quum
888 1766 1158 1846 intellexerimus,
1181 1790 1240 1830 non

197 1893 318 1944 temere
348 1904 385 1945 ac
409 1882 540 1946 fortuito
558 1893 661 1944 satum
677 1892 709 1942 et
730 1892 875 1944 creatum
898 1901 965 1941 esse
982 1879 1164 1959 bominem,
1189 1881 1240 1945 sed

200 1996 297 2058 fuisse
325 1997 388 2058 vim
413 1995 597 2081 quandam,
623 2017 705 2080 quae
731 1996 840 2080 generi
872 1994 1056 2057 consuleret
1081 1993 1238 2073 humano,

200 2130 260 2172 nec
282 2109 315 2171 id
336 2110 483 2193 gigneret
502 2121 557 2172 aut
578 2109 699 2188 aleret,
725 2107 812 2194 quod
832 2131 906 2172 cum
924 2110 1152 2173 exanclavisset
1173 2132 1240 2173 om-

199 2243 254 2284 nes
281 2222 422 2300 labores,
459 2233 527 2284 tum
556 2222 713 2286 incideret
734 2223 769 2284 in
796 2223 906 2285 mortis
935 2221 1056 2285 malum
1077 2224 1237 2307 sempiter-

198 2357 285 2399 num.
301 2332 325 2421 ³)
363 2336 571 2401 Verissimum
600 2334 725 2399 idcirco
754 2334 816 2400 boc
842 2348 889 2399 est
916 2348 1014 2421 atque
1042 2337 1239 2400 uberrimum

198 2447 238 2510 ad
264 2448 433 2533 erigendos
466 2450 586 2512 animos
615 2450 784 2528 solatium,
820 2450 958 2534 ideoque
987 2450 1140 2513 laudandi
1170 2461 1239 2513 sunt

205 2562 353 2646 antiqui,
387 2563 442 2646 qui
468 2563 502 2624 in
532 2552 801 2626 consolatidnibns
833 2563 916 2626 illud
943 2563 1029 2627 baud
1051 2564 1236 2648 praetermi-

198 2674 309 2739 serint.
334 2674 500 2751 Attamen,
522 2676 693 2758 quominns
706 2697 831 2737 omnem
842 2677 879 2738 iis
896 2677 1023 2740 laudem
1041 2677 1248 2754 tribuamus,

199 2787 298 2863 facit,
334 2786 421 2870 quod
455 2787 620 2870 praeclara
653 2786 733 2851 baec
766 2789 858 2853 effata
878 2778 1143 2853 commiscuerint
1167 2811 1238 2854 cum

199 2899 362 2962 sententiis
391 2899 431 2963 de
454 2901 623 2978 mutabili,
648 2903 779 2987 iniqua,
805 2924 900 2967 caeca
927 2905 1054 2968 fortuna
1069 2927 1168 2990 ,qua
1194 2903 1237 2967 di-

235 3087 260 3154 l)
295 3091 395 3139 Arriani
415 3094 552 3156 Epictetus
570 3093 590 3140 1.
608 3109 630 3140 c.
647 3092 671 3141 9.
691 3094 842 3142 Adscribere
861 3095 904 3142 bic
915 3096 991 3157 juvat
1006 3095 1138 3156 egregium
1156 3095 1238 3144 locum

202 3185 332 3232 Plutarchi
348 3185 407 3232 Non
423 3200 498 3252 posse
516 3186 634 3232 suaviter
652 3188 709 3234 vivi
726 3188 864 3234 secundam
873 3189 949 3255 Epic.
960 3204 984 3251 p.
1002 3186 1068 3235 1101
1088 3190 1115 3237 ll.
1135 3174 1172 3240 οδ
1185 3175 1237 3259 yolo

200 3269 241 3348 ιδς
262 3268 413 3357 τυράννοις
434 3274 510 3335 τισὶν
530 3271 551 3358 ἢ
573 3277 678 3352 δεινοῖς
698 3282 852 3354 κολασταῖς
875 3273 1020 3358 ὁμιλοῦσα
1040 3281 1200 3361 τηνικαῦτα
1221 3273 1238 3360 ἡ

198 3371 288 3458 ψυχή
313 3372 472 3460 περίλυπός
501 3376 563 3439 ἐστι
584 3379 633 3440 καί
653 3377 779 3463 ταπεινή
805 3381 854 3442 καὶ
876 3376 1047 3460 δύσθυμος,
1071 3375 1144 3466 ὅπερ
1166 3377 1239 3456 eluda

197 3473 249 3560 ἦν·
278 3473 338 3539 a'tt‘
367 3473 443 3540 ὅπου
470 3470 601 3558 μάλιστα
627 3477 744 3557 δοξάζει
770 3482 818 3544 καί
845 3485 1001 3544 διανοεῖται
1028 3487 1161 3566 παρεῖναι
1187 3479 1239 3546 rob

198 3576 293 3656 θεόν,
323 3579 384 3642 irai
409 3576 539 3661 μάλιστα
571 3578 665 3658 λύπας
697 3584 746 3646 καὶ
779 3579 908 3667 φόβους,
935 3585 984 3646 καὶ
1010 3581 1047 3647 ad
1075 3584 1239 3668 φροντίζειν

198 3679 395 3765 ἀπωσαμένη,
422 3684 467 3768 τῷ
492 3679 631 3772 ἡδομένῳ
661 3686 754 3769 μιχρὶ
779 3683 882 3769 μέθης
907 3687 956 3749 καὶ
982 3688 1101 3762 παιδιᾶς
1122 3687 1172 3749 καὶ
1192 3683 1238 3769 γέ-

197 3789 291 3860 λωτος
313 3780 435 3867 οἷφίησιν
457 3781 572 3868 ἑαυτήν.

232 3887 258 3952 2)
294 3890 360 3940 Plut.
371 3891 443 3941 Coos.
454 3890 577 3959 adApoll.
588 3889 671 3958 p.117
680 3893 708 3942 n.
727 3890 774 3942 cff.
785 3893 850 3944 Ibid.
865 3910 890 3960 p.
902 3892 953 3941 112
962 3896 988 3944 E.
999 3896 1061 3942 etin
1072 3895 1160 3958 primia
1169 3894 1238 3942 Plato

199 3984 301 4052 deltap.
312 3985 344 4036 ΙΙ.
355 4002 380 4049 p.
391 3984 489 4049 3791,
504 3987 537 4045 03
558 3990 586 4041 X.
599 3987 690 4053 aaut.
710 3991 772 4042 Im't.
788 3993 854 4059 ptit.
867 3994 935 4044 Ptat.
948 3995 1004 4044 Vol.
1020 3994 1062 4044 lll.
1072 4012 1097 4062 p.
1116 3993 1168 4043 218
1183 4011 1236 4059 sqq.

232 4073 257 4138 3)
294 4079 344 4129 Cic.
364 4082 439 4130 Taso.
460 4081 489 4138 Q.
509 4082 528 4131 1.
544 4080 585 4132 49.
606 4082 644 4134 Gi.
661 4084 781 4133 boethius
800 4085 831 4132 da
844 4085 917 4138 coa.
931 4087 999 4138 Part.
1018 4089 1034 4138 l.
1049 4088 1091 4138 tlt.
1107 4089 1148 4138 Pr,
1162 4087 1203 4139 12.
