2648 4844
647 314 689 375 28

152 498 256 574 enim,
287 516 389 580 quum
411 493 472 556 hoc
499 514 557 575 per
577 503 676 555 totam
695 493 792 555 vitam
813 492 962 569 studeat,
998 504 1033 556 ut
1055 516 1073 558 a
1096 495 1192 557 rebus

153 609 291 676 externis
313 619 423 672 avocet
440 618 597 684 mentem,
629 626 768 691 eamque
783 604 822 668 ad
844 627 976 684 rerum,
1010 607 1134 670 bonum
1154 630 1192 672 ac
1233 662 1235 666 .

151 724 274 806 justum
299 721 457 798 adducat,
493 721 527 782 in
553 718 614 782 hac
641 719 705 782 vita
736 707 828 782 otidis
851 709 928 782 ἄλλο
952 709 1152 803 ἐπιτηδεύειν
1174 713 1194 807 ἢ

154 821 372 918 ἀποθνήσκειν
393 854 429 895 τε
451 829 504 893 καὶ
525 828 686 895 addensat.
709 832 843 895 Mortem
853 829 975 893 idcirco
993 852 1057 893 non
1073 832 1106 900 in
1127 855 1193 895 ma-

155 947 203 1024 lis,
222 944 278 1007 sed
297 945 403 1029 potius
430 945 465 1006 in
480 945 611 1007 summis
629 944 720 1007 bonis
740 965 807 1008 esse
829 944 1039 1023 censendam,
1071 945 1193 1030 quippe

155 1082 221 1146 qua
242 1058 323 1121 illud
345 1069 457 1142 sponte
491 1078 730 1142 comparemus,
765 1049 852 1142 quod
879 1080 1003 1122 summo
1030 1058 1141 1121 labore
1160 1061 1193 1122 in

156 1174 220 1237 vita
253 1172 452 1251 studuimus,
487 1183 523 1235 ut
552 1173 676 1235 animus
697 1173 840 1256 corporis
863 1172 1094 1257 cupiditatibus
1117 1193 1193 1256 pur·

158 1298 250 1372 gatus
269 1285 308 1350 ad
330 1286 395 1349 vari
417 1281 633 1370 cognitionem
654 1307 691 1349 ac
713 1287 899 1369 sapientiam
919 1286 1093 1369 perveniat.
1134 1277 1194 1371 Ma}

153 1397 294 1484 καθαρῷ
321 1389 382 1483 γαρ
409 1395 562 1482 καθαροῦ
587 1386 800 1482 ἐφάπτεσθαι
826 1388 870 1482 μή
897 1390 937 1461 od
962 1389 1099 1477 θεμαὸν
1121 1383 1152 1482 ᾖ.
1166 1393 1191 1482 ¹)

154 1508 232 1573 Aliis
264 1508 414 1592 deinceps
445 1508 641 1593 argumentis
673 1508 819 1572 Socrates
847 1509 1082 1573 confabulando
1117 1531 1192 1573 cum

154 1621 337 1707 discipulis,
355 1623 387 1685 in
400 1621 462 1686 hoc
478 1621 627 1707 dialogo,
645 1622 743 1686 animi
762 1621 876 1706 probat
897 1622 1190 1702 immortalitatem,

153 1737 253 1823 idque
274 1738 351 1801 facit
370 1746 457 1801 tanta
477 1736 607 1800 dicendi
625 1737 656 1798 ri
674 1758 712 1801 ac
725 1735 915 1822 >disputandi
933 1736 1130 1816 subtilitate,
1157 1749 1194 1802 ut

154 1851 272 1928 Cebes,
301 1851 359 1935 qui
381 1850 482 1913 multa
504 1871 606 1935 eaque
637 1871 794 1935 perquam
814 1850 922 1935 gra'via
945 1849 1108 1932 objecerat
1128 1872 1195 1915 ma-

155 1964 274 2050 gistro,
306 1963 400 2047 plane
427 1963 488 2026 sibi
516 1983 706 2047 persuasum
736 1985 803 2026 esse
830 1961 941 2041 dicat,
968 1964 1112 2027 animum
1139 1965 1197 2027 in-

79 2058 86 2071 ⁰
155 2079 269 2143 teritus
300 2087 463 2160 expertem
499 2088 531 2141 et
565 2077 811 2141 immortalitatis
843 2098 911 2140 esse
948 2077 1139 2161 participem
1150 2073 1191 2164 ²).

156 2192 282 2274 Quibus
299 2189 393 2254 dictis
415 2190 561 2274 Socrates
592 2189 631 2252 de
650 2191 747 2260 animi
766 2201 837 2274 post
857 2202 992 2253 mortem
1012 2190 1196 2255 conditione

132 2304 330 2391 disserens,
364 2327 383 2366 a
408 2326 466 2367 suo
490 2324 653 2389 quemque
684 2304 778 2389 genio
803 2315 911 2368 narrat
932 2304 973 2369 ad
994 2305 1113 2367 inferos
1135 2303 1197 2368 du-

156 2429 246 2486 ctum
267 2419 312 2482 ibi
327 2418 486 2499 judicari,
520 2429 618 2503 atque
647 2439 712 2496 eos,
747 2419 804 2504 qui
834 2418 937 2481 multa
967 2418 1050 2481 mala
1080 2440 1197 2502 perpe-

156 2545 283 2598 trarunt
299 2532 334 2596 in
352 2532 428 2611 rita,
450 2531 616 2615 suppliciis
639 2532 723 2595 affici
740 2531 913 2613 majoribus
935 2532 985 2595 rel
1005 2532 1196 2611 minoribus,

156 2648 279 2711 rationo
308 2646 417 2711 habita
447 2645 623 2724 scelerum,
657 2666 740 2730 quae
771 2645 1019 2723 commiserunt,
1042 2645 1197 2729 quivero
1248 2629 1249 2633 Ἰ

157 2773 265 2824 sancte
287 2761 436 2824 vixerunt
457 2759 656 2823 acmaxime
682 2757 740 2844 qui
760 2780 833 2822 rere
862 2770 937 2823 sunt
967 2757 1194 2843 philosophati,

156 2875 191 2937 iu
209 2874 380 2938 coelestem
401 2895 439 2938 ac
461 2872 599 2937 divinam
632 2873 797 2959 regionem
827 2871 903 2936 duci
932 2872 1044 2957 ibique
1071 2893 1198 2956 semper

155 2987 311 3053 habitare.
611 2992 614 2996 ’

200 3103 269 3166 Hoc
291 3074 400 3164 autem
417 3100 594 3164 Phaedonis
619 3110 846 3184 argumentum
858 3099 939 3182 quin
959 3098 999 3161 ad
1018 3098 1196 3165 consolatu·
1227 3135 1229 3139 ·

58 3252 59 3257 κ
158 3214 242 3277 rium
259 3235 360 3299 genus
375 3214 533 3297 pertineat
550 3223 665 3291 totum,
686 3233 780 3275 nemo
797 3222 845 3275 est
862 3212 918 3295 qui
936 3211 1079 3275 dubitet:
1102 3203 1200 3275 καλὸν
1218 3199 1221 3203 ’
1301 3244 1303 3246 v

157 3317 218 3412 yolo
240 3317 277 3390 od
300 3313 404 3388 ἆθλον
423 3323 478 3387 καὶ
500 3316 519 3411 ἡ
542 3321 635 3397 ἐλπὶς
655 3314 786 3409 μεγάλη.
821 3312 943 3405 Quodsi
964 3325 1004 3389 ad
1026 3324 1197 3388 exhortan-

148 3437 215 3503 dos
241 3437 384 3501 homines
415 3438 592 3523 plurimum
618 3436 724 3500 valent
753 3422 916 3522 exempla,
949 3439 1108 3523 insignem
1135 3437 1197 3501 hoc

193 3672 208 3722 1
254 3675 319 3722 Ibid.
355 3671 466 3722 .67.1t.

193 3670 219 3828 ²l
254 3743 318 3815 Ibid.
333 3691 429 3831 li107.
447 3767 476 3816 A.
496 3769 531 3815 lle
542 3738 698 3828 argumentis
711 3772 806 3827 autem,
821 3766 914 3828 quibus
930 3767 961 3814 ad
977 3728 1130 3828 probandam
1144 3764 1200 3809 ani-

158 3861 192 3908 mi
210 3860 424 3909 immortalitatem
440 3862 466 3909 in
476 3862 609 3910 Phaedone
626 3861 708 3908 utitur
725 3863 856 3922 Socrates,
883 3861 949 3906 cons.
969 3858 1103 3921 Wyttenb.
1121 3858 1198 3918 Disp.

159 3954 189 4002 de
214 3969 254 4000 on.
279 3956 385 4003 immort.
412 3957 504 4020 Opuoc.
529 3957 585 4005 Vol.
605 3957 637 4006 ll.
664 3973 686 4019 p.
712 3954 764 4004 580
791 3972 847 4018 sqq.
884 3956 919 4002 Cl.
946 3955 1007 4003 Im't.
1032 3953 1099 4015 plss'l.
1129 3951 1198 3998 Plut.

159 4049 216 4096 vot.
234 4049 280 4096 111.
299 4065 323 4112 p.
340 4048 398 4098 189.
1079 4069 1082 4074 ·
