2648 4844
646 363 701 422 tet

152 552 226 602 sunt
254 540 502 616 consideranda,
537 541 588 603 sed
616 553 768 626 tanquam
789 545 880 628 διοοα
901 547 959 607 rori
985 549 1082 626 θεοῦ,
1107 571 1189 632 quae

152 655 262 717 obesse
293 665 417 740 nostrae
444 655 537 716 satuti
558 668 728 738 nequeant.
745 655 769 740 ¹)
806 657 908 742 quue
931 659 990 721 rite
1013 662 1190 724 attulerunt

150 767 333 851 philosophi
363 768 546 852 antiquiad
570 769 779 832 consolandos
806 772 945 834 miseros.
982 773 1088 837 Vitam
1106 777 1195 837 enim

151 893 377 965 compararunt
409 905 481 944 cum
514 895 647 961 mutuo,
684 885 769 968 quod
806 886 896 948 nobis
928 886 1087 949 dederunt
1118 887 1190 966 Dii,

150 996 239 1059 nullo
256 995 364 1059 addito
387 998 594 1060 restitutionis
618 1009 777 1081 tempore,
803 999 956 1083 quodque
977 999 1065 1077 ideo,
1091 1023 1190 1085 quum

149 1111 268 1186 velint,
294 1131 462 1194 reposcere
484 1123 634 1194 possunt3
668 1111 803 1174 hominis
823 1124 929 1175 autem
953 1136 1015 1175 non
1045 1134 1131 1189 esse,
1156 1126 1191 1175 ut

148 1245 244 1307 aegre
271 1223 301 1285 id
334 1226 502 1303 restituat,
543 1227 597 1289 sed
621 1239 728 1290 contra
753 1238 896 1309 tempus,
924 1227 1011 1310 quod
1034 1228 1061 1287 ei
1085 1227 1190 1288 virere

149 1338 258 1415 licuit,
284 1339 316 1399 in
343 1338 435 1401 lucro
459 1361 524 1401 esse
543 1339 738 1423 ponendum.
786 1341 831 1402 Eo
857 1351 965 1402 autem
995 1339 1078 1402 valet
1111 1340 1189 1402 haec

150 1451 403 1535 argumentatio,
430 1453 516 1515 utin
537 1455 628 1516 obitu
642 1456 796 1536 parentis,
821 1452 878 1515 filii
901 1452 948 1514 vel
967 1454 1068 1529 alius,
1093 1474 1189 1537 quem

149 1586 272 1626 summo
302 1567 463 1648 prosecuti
490 1589 598 1628 sumus
626 1589 753 1643 amore,
792 1579 882 1651 grato
906 1567 1012 1628 animo
1038 1566 1188 1628 recorde-

131 1699 222 1769 mur
252 1677 428 1756 beneficia,
466 1702 548 1763 quae
578 1681 662 1742 Deus
698 1680 788 1742 nobis
822 1679 955 1764 largitus
987 1681 1042 1757 sit,
1081 1701 1188 1742 recor·

146 1790 259 1854 demur
285 1814 466 1871 sermones,
501 1814 580 1877 quos
604 1816 678 1856 cum
708 1793 922 1857 dilectissimis
943 1794 1006 1855 illis
1036 1792 1187 1855 hahueri-

145 1927 236 1985 mus,
272 1917 303 1967 et
342 1908 456 1990 gratias
491 1930 621 1992 agamus
655 1907 780 1970 divinae
820 1906 1062 1983 Providentiae,
1099 1905 1186 1989 quod

147 2020 241 2082 talem
261 2031 444 2104 parentem,
468 2023 563 2083 talem
581 2022 682 2084 filium
702 2021 845 2084 adhunc
863 2042 964 2105 usque
987 2020 1072 2083 diem
1093 2020 1184 2082 nobis

145 2134 325 2197 servaverit.
362 2135 530 2198 Praeclare
555 2158 591 2198 ea
624 2137 766 2200 oratione
798 2157 872 2198 usus
903 2146 950 2197 est
973 2134 1186 2211 Plutarchus,

146 2258 181 2309 ut
202 2248 310 2310 uxoris
330 2249 488 2311 minueret
507 2248 546 2311 de
574 2249 656 2312 filiae
677 2251 765 2312 obitu
788 2248 1043 2334 aegritudinem,
1068 2248 1131 2330 ipsi
1152 2248 1185 2309 in

145 2363 329 2424 memoriam
366 2383 515 2426 revocans
551 2375 696 2448 tempus,
734 2385 799 2448 quo
829 2362 971 2425 nondum
1002 2373 1074 2424 nata
1106 2374 1186 2424 esset

148 2474 229 2554 filia,
256 2474 342 2559 quod
373 2479 530 2559 praesenti
563 2480 657 2561 plane
678 2489 745 2540 erat
766 2476 886 2553 simile,
912 2477 972 2538 nisi
992 2474 1079 2560 quod
1099 2495 1184 2538 nunc

144 2590 321 2673 gratissima
353 2591 537 2654 fruerentur
568 2576 654 2653 filiae
685 2591 849 2653 memoria.
893 2591 980 2670 Haec
1010 2589 1182 2672 cogitatio,

142 2703 242 2764 honos
265 2723 331 2764 esse
356 2705 460 2782 Deos,
487 2706 541 2789 qui
571 2705 666 2767 rebus
688 2704 834 2767 humanis
859 2702 1072 2786 prospiciant,
1097 2701 1183 2763 haud

142 2815 208 2878 scio
231 2836 269 2877 an
290 2818 463 2900 plurimum
483 2818 604 2895 valeat,
631 2828 665 2879 ut
687 2816 834 2900 placide,
859 2815 1017 2900 quidquid
1040 2816 1181 2891 eveniat,

142 2929 292 2993 feramus
319 2919 413 2991 Ἀλλδ
435 2920 521 3015 πρός
546 2926 603 3009 μὲν
625 2920 681 2991 ror
702 2927 856 3017 καίοαρα,
877 2939 912 2990 ut
933 2928 976 2990 ait
998 2928 1182 3010 Epictetus,

141 3032 160 3125 ἡ
184 3039 350 3125 οογγενεία
372 3033 392 3126 ἢ
414 3030 510 3103 ἄλλον
530 3030 601 3101 τινα
621 3037 685 3101 τῶν
706 3036 788 3121 μέγα
811 3036 991 3120 διίἀμὲιίον
1013 3035 1044 3099 ἐν
1063 3026 1183 3122 Ῥώμῃ,

141 3142 230 3235 ἱκανὴ
258 3149 412 3237 παρέχειν
433 3149 465 3214 ἐν
487 3142 654 3236 ἀσφαλείᾳ
676 3138 844 3233 διάγοντας
866 3140 965 3225 εἶναι,
991 3146 1044 3210 καὶ
1066 3139 1183 3210 ἀκατα-

140 3252 340 3347 φρονὴτους,
369 3259 423 3322 καὶ
452 3249 639 3330 δεδοικότας
659 3250 731 3342 μηδ
757 3250 879 3322 ὁτιοῦν·
901 3252 940 3324 νδ
964 3257 998 3322 δὲ
1021 3249 1076 3322 τόν
1100 3248 1183 3321 Θεδν

175 3475 200 3538 1)
237 3478 282 3525 Dio
307 3475 436 3538 Chrysost.
462 3478 529 3524 Orat.
555 3476 628 3524 XXX.
654 3490 678 3538 p.
694 3472 759 3525 300:
787 3459 849 3545 χρή
878 3460 912 3523 δὲ
940 3456 984 3542 μή
1007 3456 1182 3540 γιγνομένων

141 3565 273 3648 χαλεπόν
300 3563 454 3648 ἡγεῖσθαι,
482 3566 563 3650 μηδὲ
590 3567 745 3647 δυσχερῶς
768 3561 878 3647 φέρειν,
903 3558 1001 3644 ὥσπερ
1026 3562 1057 3623 ἐν
1080 3563 1183 3634 δεινοῖς

140 3664 213 3731 orior.
237 3670 422 3752 Παραινοῦσι
445 3668 480 3729 δὲ
502 3666 585 3730 α’λλοί
604 3691 634 3728 τι
658 3668 762 3748 σοφοὶ,
785 3666 833 3742 καὶ
855 3663 912 3746 οὐχ
929 3658 1181 3746 ἤκισταὍμηρος,

139 3769 232 3852 λέγων
258 3773 388 3857 μηδαμῆ
423 3766 577 3852 ἀπόβλητα
604 3764 674 3830 εἶναι
710 3764 882 3850 ἀνθρώποις
907 3764 944 3828 τά
972 3767 1054 3828 θεῶν
1082 3766 1180 3846 δῶρα,

138 3876 235 3948 καλῶς
264 3869 421 3952 δνομάζιον
447 3869 484 3934 aci
513 3873 613 3953 δῶρα,
641 3868 678 3932 τά
707 3868 779 3952 ἔργα
800 3872 861 3931 τῶν
883 3870 980 3942 θοῦν,
1004 3863 1044 3942 οἷς
1066 3862 1180 3930 ἅπαντα

81 3988 86 3993 ’
140 3973 243 4056 dynato
272 3969 358 4048 tiara,
386 3974 433 4035 καὶ
456 3970 499 4034 ἐπ’
522 3970 632 4057 ἀγαθῷ
654 3968 815 4052 γιγνόμενα.
834 3983 870 4030 Gt.
890 3982 999 4048 Epicteti
1018 3981 1093 4030 verba
1111 3980 1178 4044 apud

141 4082 209 4128 stob.
233 4080 300 4126 Flor.
320 4080 359 4125 tit.
382 4078 448 4139 108,
466 4077 508 4126 80.
1131 4088 1134 4092 ’

933 4164 968 4218 ll
