2648 4844
119 373 125 397 ,
577 326 637 385 165

86 515 172 579 tnet,
212 514 246 565 ut
273 503 407 587 dignum
437 524 469 563 se
499 502 554 565 illa
586 504 738 565 felicitate
770 511 925 585 praestet,
962 503 1124 586 vitamque

85 616 297 679 considerabit
332 616 438 678 soluti
470 616 579 678 mortis
620 616 931 680 commentationem.
986 616 1123 700 Egregie

84 730 167 792 hanc
191 731 440 793 consolationem
466 727 935 831 commendavit'hntiphaues:
952 724 976 813 ι)

172 945 314 1006 Πενδεῖν
337 939 373 1005 δὲ
394 939 537 1026 μετρίως
558 932 635 1014 τούς
657 929 875 1027 προςὴκοντας
897 941 1024 1030 φίλους.

172 1051 220 1124 Ori
241 1052 302 1146 γαρ
324 1058 491 1136 τεθνᾶσιν,
516 1049 596 1122 itti
616 1049 672 1142 τήν
694 1049 791 1144 αὐτὴν
813 1049 902 1138 idda,

173 1172 225 1244 Ὴν
247 1179 347 1243 πᾶσιν
362 1175 477 1242 ἐλθεῖν
504 1168 568 1242 ἔστ’
592 1170 770 1262 ἀναγκαίως
792 1174 880 1260 ε”χον,

174 1287 464 1385 Προελνγλύδασιν·
489 1287 558 1360 εἶτα
579 1287 606 1377 χ’
631 1291 723 1383 ἡμεῖς
744 1290 880 1383 ὕστερον

176 1414 231 1488 Εἰς
251 1409 350 1478 camd
371 1419 587 1498 καταγωγεῖον
608 1407 719 1488 αὐτοῖς
741 1408 870 1499 ἥξομεν,

175 1534 275 1618 Κοινῇ
295 1525 351 1597 cdv
373 1525 469 1598 ἄλλον
491 1532 777 1619 συνδιατρίψαντες
797 1524 921 1620 χρόνον.

87 1759 304 1821 veruntamen
322 1753 504 1837 philosophi
525 1755 558 1814 in
584 1756 854 1818 consolationibus
876 1756 915 1817 dc
938 1767 1040 1817 utorte
1063 1757 1125 1818 hoc
1168 1739 1174 1746 „

87 1879 312 1954 argumentum
342 1889 405 1929 non
432 1888 626 1950 magnopere
653 1867 878 1945 atterrderunt3
914 1868 1029 1931 adsunt
1055 1870 1125 1952 qni-

86 1984 159 2044 dem
186 1983 274 2057 loca,
300 1981 356 2042 ubi
382 1980 478 2041 hnius
508 1982 610 2043 solatii
633 1983 826 2044 mentionem
848 1983 992 2057 faciunt,
1017 1983 1125 2064 prouti

86 2095 171 2179 apud
184 2093 408 2157 Plutarchum:
421 2090 686 2173 πεπαιδευμένων
703 2084 728 2155 δ
742 2091 827 2156 ἐστιν
842 2086 1027 2180 ἀνθρώπων
1043 2115 1128 2179 προ-

86 2205 271 2293 ειλνγιγέναι,
288 2194 373 2268 διότι
388 2193 512 2287 βραχδν
528 2191 643 2287 χρόνων
659 2193 899 2288 προειλήφασιν
915 2197 1000 2289 ἡμᾶς
1023 2202 1055 2267 oi
1073 2204 1127 2267 do-

84 2320 213 2388 κοῦντες
233 2306 336 2399 ἄωροι
350 2313 410 2376 τοῦ
427 2312 708 2401 ζῆνιέστερῆσδαι,
720 2310 746 2399 2)
767 2325 834 2377 tum
852 2315 939 2399 apud
955 2317 1126 2392 Senecam,

84 2431 262 2492 dicentem:
306 2427 508 2489 dimisimus
533 2426 634 2505 illos,
665 2430 769 2490 immo
796 2431 1009 2492 consecuturi
1028 2451 1128 2513 proc·

85 2546 245 2622 misimus
257 2567 270 2618 ,-
291 2537 316 2625 3)
353 2551 492 2603 attamen
518 2540 597 2603 haec
625 2541 725 2624 magis
753 2539 786 2605 ἐν
822 2541 977 2628 παρέργῳ
1014 2543 1127 2626 attige-

84 2668 180 2734 runt,
212 2677 309 2740 quam
338 2654 411 2718 data
438 2675 534 2737 opera
560 2653 795 2738 explicuerunt.
842 2654 937 2734 Quod
960 2677 999 2718 eo
1028 2656 1127 2739 magis

86 2770 266 2833 mirandum
285 2781 352 2845 est,
378 2790 480 2852 quum
497 2779 528 2830 et
548 2769 725 2830 incaeteris
740 2769 1010 2833 consolationibus
1027 2790 1119 2853 egre·

86 2936 126 2941 ..-ffl
133 2937 145 2941 ...
151 2935 266 2942 ...α--ηη
281 2937 286 2940 .

119 3004 145 3066 1)
181 3004 249 3052 Stob.
270 3005 338 3052 Flor.
358 3005 398 3053 tit.
416 3001 483 3065 124,
504 3000 545 3052 27.
566 3003 640 3050 Gaisf.

120 3095 146 3160 2)
183 3098 249 3145 Plut.
271 3099 342 3145 Cous.
361 3097 395 3144 αδ
413 3097 497 3161 Apoll.
516 3113 540 3162 p.
558 3095 607 3146 117
627 3099 652 3144 E.

119 3190 144 3254 3)
180 3193 274 3239 Seneca
297 3190 369 3240 Coos.
389 3190 423 3236 ad
440 3192 523 3236 Marc.
544 3207 566 3239 c.
586 3188 627 3237 19.
647 3191 742 3237 Pariter
764 3190 831 3237 idem
853 3191 938 3252 Epist.
959 3188 992 3237 99
1015 3190 1066 3236 ait:
1090 3191 1128 3237 Eo

84 3287 204 3348 aequiore
229 3286 312 3330 auimo
331 3298 386 3329 esso
406 3282 541 3344 dedemus,
562 3282 629 3344 quod
647 3298 708 3345 quos
733 3284 883 3345 amisimus,
902 3284 1041 3346 sequimur.
1080 3284 1127 3329 aa·

84 3382 154 3442 spice
167 3380 323 3425 celeritatem
339 3376 505 3439 rapidissimi
520 3377 639 3438 temporis
645 3394 656 3432 ,-
676 3377 762 3440 cogita
778 3376 927 3423 brevitatem
943 3377 1023 3422 huius
1032 3377 1115 3437 spatii
1121 3411 1128 3435 ,

82 3489 128 3539 per
154 3472 221 3537 quod
248 3471 402 3517 citatissimi
436 3471 581 3531 currimus,
617 3470 721 3515 observa
753 3470 818 3516 huuc
851 3471 996 3516 cornitutum
1020 3470 1128 3532 gruaria

85 3567 203 3626 humaui,
223 3566 305 3611 eodem
327 3564 472 3626 tendentis„
485 3565 601 3611 minimis
622 3565 772 3610 intervallis
795 3564 964 3626 distinctum,
990 3565 1067 3610 etiam
1081 3555 1130 3609 ati

24 3688 29 3695 -
83 3662 194 3706 marimo
212 3659 332 3706 videntur
341 3676 350 3713 ‚¹
371 3673 443 3720 quem
456 3664 534 3720 putus
545 3659 674 3725 periisse,
692 3659 850 3726 praesttimus
870 3665 915 3706 est.
936 3655 1027 3707 Cicero
1040 3661 1126 3704 autem

84 3753 115 3799 de
141 3755 238 3800 Scncct.
259 3771 280 3800 c.
301 3751 342 3798 23.
363 3753 482 3798 Catonem
502 3752 565 3800 haec
588 3752 619 3799 de
639 3751 686 3798 filii
702 3757 783 3799 morte
806 3753 934 3799 dicentem
952 3751 1026 3798 lacit:
1047 3751 1126 3808 Quom

85 3863 131 3911 ego
152 3862 233 3892 metim
257 3862 344 3892 casum
359 3845 472 3906 fortiter
485 3845 562 3905 fcr're
588 3848 661 3892 visus
688 3862 759 3908 sum,
779 3862 826 3891 νιονι
851 3845 917 3908 quod
938 3860 1018 3907 aequo
1042 3846 1125 3891 auimo

76 3942 193 3999 serrem,
219 3940 264 3985 scd
287 3955 324 3985 me
348 3940 404 4006 ipsc
427 3939 589 4000 scructator,
610 3942 779 4000 eristimans,
798 3956 846 3987 uon
871 3942 1036 4004 longinquam
1058 3943 1127 3986 iuter

85 4050 128 4080 nos
147 4034 293 4096 digressum
310 4040 335 4079 ct
352 4034 494 4080 discessum
503 4034 573 4092 fore.
