2648 4844
630 356 650 418 9

123 541 207 604 Num
229 560 303 601 vero
325 537 424 601 ceteri
446 557 577 621 quoque
598 535 780 620 philosophi
800 535 1008 599 consolationi
1030 556 1158 621 separa·

123 664 191 715 tum
212 652 246 713 in
267 650 469 735 philosophia
491 648 604 712 morali
631 648 804 712 tribuerint
824 649 950 726 locum,
981 669 1058 732 prae
1080 650 1158 712 scri·

23 836 26 842 ⁸
122 778 252 850 prorum
270 764 331 827 hac
353 763 393 827 de
412 784 447 826 re
468 763 593 826 silentio
615 762 775 826 incertum
797 773 863 841 est,
889 758 914 848 1)
951 762 1005 825 sed
1027 761 1092 826 hoc
1112 773 1159 826 est

123 879 333 956 verissimum,
357 900 453 962 quam
474 876 630 961 plurimos
652 877 680 938 ei
703 897 796 943 suunr
818 887 849 938 et
871 875 1013 939 laborem
1033 887 1064 939 et
1082 887 1158 961 opess

123 1014 191 1054 ram
216 990 427 1076 impendisse,
459 1000 495 1052 ut
521 989 600 1053 adeo
621 990 777 1074 paulatim
798 990 832 1052 in
854 990 1065 1054 consolatorio
1086 991 1159 1054 loco

123 1115 169 1169 tot
196 1105 380 1167 exsisterent
399 1103 503 1187 capita
522 1113 555 1165 ot
584 1101 727 1181 scholae,
751 1113 830 1188 quot
856 1103 1050 1167 haberentur
1073 1104 1159 1168 cala·

121 1218 268 1280 mitatum
291 1238 418 1302 genera.
462 1217 533 1297 Qua
562 1215 602 1278 de
633 1237 667 1278 re
686 1215 852 1280 audiamus
871 1217 1079 1295 Ciceronem,
1102 1218 1158 1280 ubi

121 1331 163 1394 de
185 1331 375 1394 consolantis
405 1329 509 1393 officio
538 1329 684 1392 disserit:
716 1330 822 1408 „Sunt
852 1331 948 1409 enim,
982 1332 1037 1409 ait,
1071 1341 1159 1394 certa

121 1443 265 1529 quaeda
284 1454 492 1528 paupertate,
524 1453 611 1506 certa
640 1464 724 1528 quaa
756 1443 796 1506 de
824 1444 889 1507 rita
909 1443 1098 1508 inhonorata
1127 1455 1159 1508 et

121 1558 259 1643 ingloria
281 1557 345 1620 dici
368 1557 507 1619 soleant:
538 1558 709 1641 separatim
738 1567 844 1621 certae
866 1556 994 1621 scholae
1023 1569 1097 1621 sunt
1117 1557 1158 1622 de

121 1671 253 1750 exsilio,
277 1670 317 1735 de
335 1671 467 1733 interitu
493 1671 633 1755 patriae,
656 1670 697 1733 de
723 1672 892 1750 servitute,
913 1670 953 1735 de
975 1672 1157 1748 debilitate,

102 1785 161 1848 de
191 1787 363 1863 caecitate,
393 1784 434 1847 de
466 1787 552 1847 omni
585 1807 677 1864 casu,
702 1786 734 1847 in
757 1805 823 1869 quo
845 1807 961 1848 nomen
980 1787 1057 1870 poni
1078 1786 1158 1850 solet

121 1900 325 1963 calamitatis:
350 1896 430 1962 hacc
451 1899 567 1963 Graeci
586 1900 620 1960 in
639 1899 780 1984 singulas
802 1897 926 1964 scholas
947 1909 978 1962 et
997 1901 1031 1962 in
1048 1901 1158 1986 singu-

39 2005 42 2010 ’
120 2013 166 2075 los
188 2013 287 2075 libros
314 2012 523 2096 dispertiunt:
549 2033 628 2097 opus
651 2013 735 2075 enim
754 2024 936 2097 quaerunt:
961 2033 1159 2100 quamquam

120 2127 234 2211 plenae
264 2125 494 2210 disputationes
524 2125 745 2189 delectationis
775 2138 859 2191 sunt.
895 2128 934 2190 llt
963 2138 1091 2206 tamea,
1121 2139 1158 2192 ut

120 2239 237 2303 medici
268 2251 334 2303 toto
365 2261 499 2324 corpore
527 2239 669 2304 curando
698 2241 849 2304 minimae
880 2224 975 2304 etiam
1004 2242 1106 2326 parti,
1132 2243 1157 2306 si

120 2353 297 2431 condoluit,
321 2352 502 2431 medentur,
521 2355 567 2417 sic
585 2352 790 2438 philosophia
813 2376 888 2417 cum
909 2356 1090 2417 universam
1100 2377 1157 2418 ae-

119 2466 316 2552 gritudinem
337 2466 476 2544 sustulit,
499 2477 606 2529 tamen
627 2468 653 2528 si
673 2468 744 2553 quis
762 2487 850 2530 error
868 2466 999 2530 aliunde
1020 2469 1156 2548 exstitit,

119 2583 145 2644 si
163 2562 535 2665 paupertasniomordit,
557 2583 582 2644 si
599 2583 775 2667 ignominia
793 2583 952 2668 pupugit,
974 2585 999 2645 si
1019 2584 1098 2669 quid
1110 2596 1157 2648 tc-

119 2695 291 2757 ncbrarum
311 2694 427 2758 offudit
445 2695 609 2774 exsilium,
630 2706 685 2758 aut
704 2716 834 2775 eorum,
857 2718 941 2781 quae
958 2697 1052 2761 modo
1072 2697 1155 2777 dixi,

119 2810 145 2871 si
178 2808 257 2893 quid
287 2811 423 2886 exstitit,
455 2809 654 2893 singularum
687 2821 760 2872 sunt
789 2812 937 2894 propriae
966 2812 1155 2876 consolatio-

119 2926 210 2985 nes.”
234 2917 260 3007 2)
282 2922 394 3006 Neque
414 2931 539 2984 tantum
558 2920 740 3005 philosophi
759 2924 793 2984 in
814 2923 948 3008 singulis
967 2926 1156 2989 vitaeinsor·

119 3036 215 3099 tuniis
238 3035 469 3099 consolationes
491 3037 709 3119 scripserunt,
739 3035 794 3098 sed
820 3037 952 3099 suerunt
979 3036 1069 3116 adeo,
1098 3042 1155 3124 qui

119 3148 213 3212 latins
235 3148 322 3212 huno
344 3149 453 3213 locum
475 3149 688 3233 explicarent,
713 3172 853 3237 cumque
869 3152 1055 3217 Ciceronem
1072 3175 1156 3238 que-

119 3244 242 3325 rentem
260 3261 419 3340 audimus,
440 3262 566 3325 nullum
588 3261 695 3326 adhuc
712 3264 872 3329 rhetorem
890 3287 925 3327 ex
947 3265 1103 3330 industria
1114 3240 1154 3334 de

119 3374 268 3440 hocloco
286 3377 504 3460 praecepisse,
528 3372 553 3460 ³)
575 3376 652 3440 huic
670 3375 827 3441 desiderio
846 3401 864 3440 a
885 3378 1036 3464 Dionysio
1057 3383 1155 3467 Haly-
1250 3456 1256 3469 ι

150 3603 177 3668 1)
212 3607 283 3655 ldem
305 3623 408 3671 quoque
428 3608 705 3673 placuisso'Chryaippo
728 3612 871 3659 verosimile
883 3617 937 3674 eat,
961 3613 1005 3675 qui
1028 3618 1080 3660 tros
1095 3629 1155 3663 con-

117 3691 218 3765 scripsit
230 3701 308 3749 libros
324 3690 393 3773 περὶ
413 3692 534 3765 παθῶν,
552 3703 634 3766 itaqua
654 3709 774 3766 quartum
785 3706 883 3753 addidit
900 3691 1155 3780 θεραπευτικόν»)

116 3778 226 3865 ἤθικόν
247 3795 414 3860 inscriptum,
435 3797 461 3843 in
487 3813 538 3859 quo
561 3798 592 3845 do
614 3799 753 3846 auferenda
772 3799 859 3848 dolore
880 3800 964 3862 doque
980 3799 1154 3849 consolatione

116 3890 260 3952 praecepit,
286 3906 337 3952 quo
358 3890 389 3937 do
416 3905 442 3936 re
456 3890 572 3952 pluribus
590 3892 662 3938 inlm.

150 3980 176 4045 2)
211 3984 261 4031 cta
282 3986 356 4031 Ture.
379 3982 531 4041 Q.111.3l.

150 4073 177 4138 3)
211 4079 261 4126 Cic.
282 4078 312 4123 do
333 4079 402 4125 Orat.
421 4079 452 4125 ll.
473 4077 513 4126 15.
