2648 4844
640 341 682 402 38

142 527 189 604 tis,
210 524 303 602 illud,
328 521 415 608 quod
436 520 698 596 memoravimus,
722 528 949 602 argumentum
970 536 1030 598 pro
1049 515 1180 579 Platone

140 638 330 722 disputantis
353 637 449 698 fuisse
463 657 482 711 ‚'
494 634 557 697 hoe
578 654 653 694 vero
675 630 715 694 ab
736 628 918 695 Alexandro
939 628 1193 719 Aphrodisiensi¹

139 752 273 814 allatum
299 748 491 813 contrariam
514 757 637 830 partem
657 744 792 807 tuentis:
817 736 921 813 οὕτως
942 737 1016 804 ἐπεί
1043 728 1180 824 ἁρμονίᾳ

139 861 197 942 μὲν
223 853 423 947 ἀναρμοστία
449 857 599 936 ἐναντίον,
623 856 716 943 ψυχῇ
738 852 775 918 δὲ
795 845 889 918 οὐδὲν
915 848 1001 914 ἐστιν
1026 846 1178 928 ἐναντίον,

140 963 198 1036 οὐκ
221 966 306 1035 ἔστιν
332 963 352 1056 ἡ
384 963 475 1056 ψυχή
503 962 657 1054 ἁρμονία·
682 957 728 1038 ὠς
748 953 886 1028 Πλάτων
914 958 1124 1047 ἐπεχείρησεν
1150 957 1179 1025 ἐν

139 1080 187 1162 τῷ
211 1079 364 1144 Φαίδωνι·
387 1072 491 1152 οὕτως
515 1068 653 1143 δεικνύοι
673 1096 723 1148 τις
749 1067 787 1138 ἂν
811 1066 857 1160 μή
884 1061 984 1138 οὖσαν
1008 1068 1101 1156 γένος
1126 1062 1179 1157 τῆν

140 1181 241 1276 ἀρχήν
261 1191 321 1253 τοῦ
343 1188 516 1275 στοιχείου·
533 1188 565 1251 εί
579 1209 615 1272 χε
630 1186 671 1274 τῇ
685 1185 743 1267 μὲν
761 1176 845 1270 ἀρχῇ
860 1180 999 1247 ἐναντίον
1017 1173 1060 1246 τὸ.
1071 1177 1178 1259 τέλος,

138 1300 187 1381 τῷ
209 1298 246 1363 δὲ
268 1299 418 1381 στοιχείῳ
441 1291 536 1363 οὐδέν
556 1297 640 1363 ἐστιν
660 1295 807 1362 ἐναντίον,
820 1293 846 1380 1)

183 1413 222 1473 ln
238 1411 349 1474 eodem
369 1433 464 1495 porro
482 1411 611 1496 dialogo
627 1412 816 1493 interpretes
831 1409 929 1472 fuisse
945 1418 1076 1493 putant,
1096 1427 1179 1492 quae

140 1525 277 1609 legimus
298 1525 331 1589 iu
349 1525 513 1590 Ciceronis,
531 1524 571 1587 de
592 1524 791 1587 Divinatione
814 1524 922 1600 libris,
945 1522 1018 1585 ubi:
1032 1520 1177 1602 „Quidt

140 1638 295 1721 singulari
317 1637 364 1699 vir
385 1638 515 1722 ingenio
530 1637 716 1701 Aristoteles
739 1649 770 1700 et
788 1658 889 1721 paene
910 1635 1038 1712 divino,
1070 1634 1178 1718 ipsene
1211 1635 1214 1639 ’

141 1763 243 1827 errat,
272 1773 313 1813 an
332 1751 409 1813 alios
428 1753 498 1813 vult
517 1773 623 1814 errare
633 1752 660 1832 i,
672 1773 746 1813 cum
765 1750 895 1827 scribit,
918 1747 1100 1813 Eudemum
1116 1749 1179 1833 Cy·

140 1865 262 1946 prium,
284 1865 473 1927 familiarem
496 1886 606 1942 suum,
628 1865 690 1926 iter
710 1865 744 1925 in
760 1862 977 1956 llaoedoniam
987 1863 1177 1938 facientem,

139 1976 257 2047 Pheras
279 1978 417 2055 venisse3
448 1999 531 2061 quae
554 1989 622 2040 erat
643 1978 720 2040 urhs
741 1978 775 2038 in
796 1976 956 2039 Thessalia
978 1987 1048 2038 tum
1068 1975 1179 2038 admo·

139 2088 216 2154 dum
237 2091 371 2167 nobilis,
392 2090 432 2153 ab
453 2090 636 2156 Alexandro
650 2103 758 2153 autem
777 2101 912 2173 tyranno
935 2088 1061 2153 crudeli
1077 2088 1177 2152 domi-

140 2215 217 2267 natu
236 2185 426 2281 tenebatur,
446 2204 478 2265 in
499 2226 536 2266 eo
555 2205 655 2289 igitur
677 2203 795 2288 oppido
817 2204 860 2266 ita
883 2205 1022 2288 graviter
1044 2224 1178 2287 aegrum

139 2317 320 2380 Eudemum
337 2318 452 2396 fuisse,
475 2329 512 2381 ut
531 2339 639 2381 omues
661 2309 778 2381 medici
800 2317 998 2394 diffiderent;
1027 2317 1058 2379 ei
1076 2317 1178 2379 visum

139 2431 303 2515 inquiete
331 2431 460 2516 egregia
481 2413 564 2494 facie
585 2430 737 2513 juvenem
767 2430 893 2508 dicere,
923 2431 1012 2508 fore,
1043 2440 1080 2492 ut
1101 2451 1178 2514 per·

90 2600 96 2612 ,
138 2542 228 2604 brevi
247 2544 501 2622 convalesceret,
522 2545 698 2628 paucisque
720 2543 832 2607 diebus
854 2544 1063 2606 interiturum
1079 2544 1178 2606 Alex-

138 2653 275 2718 andrum
303 2667 483 2740 tyraunum,
503 2657 609 2741 ipsum
627 2636 735 2719 autem
756 2656 935 2719 Eudemum
954 2656 1178 2741 quinquennio

140 2779 210 2852 post
232 2768 362 2832 domum
392 2790 458 2831 esse
481 2769 670 2833 rediturum.
716 2771 823 2855 Atque
850 2771 895 2833 ita
916 2769 1048 2855 quidem
1064 2769 1176 2853 'prima

139 2882 264 2958 statim,
285 2881 396 2946 scribit
412 2883 615 2960 AristoteleS,
640 2867 810 2947 consecuta
820 2932 829 2961 ,
850 2895 882 2945 et
899 2883 1097 2947 convaluisse
1114 2885 1175 2947 Eu-

79 3079 81 3083 p
139 2995 289 3074 demum,
319 3006 350 3058 et
378 2998 419 3059 ah
441 2998 547 3059 uxoris
576 2997 728 3060 fratribus
755 2997 960 3059 interfectum
983 3009 1175 3082 tyrannum;

140 3109 252 3193 quinto
270 3119 378 3171 autem
400 3130 482 3169 anno
505 3119 659 3185 exeunte,
691 3130 765 3172 cum
788 3121 870 3172 esset
890 3132 958 3193 spes
981 3131 1018 3172 er
1041 3109 1100 3173 illo
1122 3133 1176 3174 so-

140 3221 237 3298 mnio,
257 3221 291 3281 iu
306 3220 446 3305 Cyprum
464 3221 557 3282 illum
575 3242 611 3282 ex
632 3221 740 3283 Sicilia
760 3243 826 3284 esse
843 3221 1034 3300 rediturum,
1057 3224 1175 3307 proeli-

139 3343 245 3395 antem
260 3354 334 3421 eum
350 3332 390 3395 ad
401 3334 571 3419 Syracusas
586 3333 751 3412 occidisse,
770 3356 806 3396 ex
823 3357 888 3418 quo
904 3336 948 3397 ita
964 3335 1046 3399 illud
1059 3337 1176 3400 somni·

139 3466 195 3507 um
207 3466 276 3533 esse
283 3446 539 3530 interpretatum,
556 3458 603 3524 ut,
623 3469 698 3510 eum
718 3447 842 3510 animus
856 3447 990 3511 Eudemi
1005 3470 1022 3510 e
1041 3470 1176 3533 corpore

139 3558 318 3634 excesserit,
339 3569 407 3620 tum
424 3558 553 3622 domum
568 3560 733 3622 revertisse
751 3558 967 3645 videatur.''2)
994 3562 1178 3641 Quae‘nar·

174 3851 199 3913 1)
234 3856 305 3903 Alex.
322 3857 433 3918 Aphrod.
456 3858 585 3905 Comroont.
603 3860 633 3904 irs
647 3844 729 3906 Ανίεί,
753 3861 838 3922 Topic.
858 3863 900 3908 tv.
923 3877 948 3923 p.
965 3860 1025 3910 168.
1050 3864 1085 3910 Cs.
1103 3863 1178 3925 wyt-

141 3946 209 3993 teub.
232 3948 249 3994 l.
270 3949 286 3998 l.
911 3979 914 3984 ·

174 4035 202 4100 a)
235 4041 285 4086 cn.
301 4041 331 4086 ιι
346 4043 443 4089 oraru
455 4044 474 4089 1.
493 4042 534 4102 as,
560 4044 647 4106 reaque
664 4024 782 4092 noema.
