2648 4844
651 298 691 358 ts

148 488 265 539 natura
287 473 446 537 docebant
474 493 541 537 esse
571 476 795 554 constitutam,
828 487 864 539 ut
885 475 1029 543 homines
1051 479 1187 563 castiga·

147 589 302 666 tionibus,
323 585 641 671 reprehensionibus,
664 588 846 674 ignominiis
863 589 947 653 affici
963 611 996 652 se
1015 591 1048 653 in
1065 589 1188 655 'delicto

147 701 310 780 dolerent,
335 722 436 785 quum
456 712 663 784 peccatorum
681 702 852 786 impunitas
871 703 909 764 iis
928 683 1000 767 data
1011 703 1186 781 videretur,

148 816 258 900 quiet
279 815 486 901 ignominiam
509 825 540 877 et
558 812 721 906 infamiam
740 815 861 878 ferrent
883 817 950 879 sine
970 815 1091 881 dolore.
1124 817 1187 879 Me·

147 927 350 991 diocritatem
371 927 494 991 idcirco
515 927 564 988 illi
585 926 704 991 doloris
725 929 944 1013 requirebant,
967 940 999 991 et
1011 930 1187 993 consolanti

147 1040 211 1105 hoc
222 1040 472 1125 praecipiebant,
485 1050 521 1102 ut
537 1039 681 1103 dolorem
697 1052 866 1118 resecaret,
889 1064 953 1105 non
970 1063 1042 1106 vero
1060 1043 1187 1126 penitus

147 1155 318 1232 evelleret,
342 1175 444 1238 quum
466 1175 572 1239 neque
593 1154 627 1217 id
646 1154 716 1217 fieri
734 1166 851 1239 posset,
874 1176 981 1240 neque
1002 1156 1042 1218 ad
1060 1156 1187 1220 beatam

146 1268 245 1330 vitam
266 1266 423 1352 agendam
440 1268 535 1351 plane
554 1278 635 1330 esset
654 1289 744 1351 opus.
759 1266 785 1353 ί)
811 1267 951 1350 Quinam
972 1290 1047 1333 vero
1065 1269 1187 1332 fuerint

144 1380 350 1465 Peripatetici
368 1379 436 1458 illi,
470 1381 527 1465 qui
555 1380 595 1444 de
623 1382 839 1445 consolatione
869 1393 933 1446 tam
964 1382 1095 1468 egregie
1117 1405 1184 1446 mo-

144 1494 284 1572 nuerint,
307 1495 490 1581 ignoramus
508 1493 623 1573 hodie,
647 1517 748 1580 quum
777 1518 890 1559 eorum
919 1518 1026 1582 neque
1055 1497 1182 1560 nomina

143 1608 342 1702 abantiquis
364 1619 592 1686 memorentur,
609 1630 716 1694 neque
737 1610 855 1693 scripta
877 1610 1048 1694 supersint.
1080 1610 1182 1695 Lyco·

144 1743 217 1784 nem
246 1742 322 1784 vero
349 1720 383 1783 in
404 1720 453 1783 his
480 1721 596 1800 fuisse,
626 1722 701 1785 inde
724 1722 850 1786 efficere
871 1745 1059 1806 possumus,
1094 1721 1182 1807 quod

143 1834 253 1900 Cicero
277 1856 350 1897 eum
377 1833 439 1898 hac
461 1836 584 1899 ratione
612 1834 848 1921 aegritudinem
873 1846 1058 1900 extenuasse
1084 1836 1180 1916 dicat,

143 1959 180 2011 ut
199 1970 269 2011 cam
285 1948 389 2032 parvis
411 1959 536 2012 tanturn
555 1949 662 2028 rebus,
684 1950 832 2014 fortunae
851 1961 883 2013 et
902 1951 1182 2035 corporisincom-

142 2059 262 2140 modis,
282 2083 348 2125 non
365 2080 441 2124 vero
459 2063 556 2125 animi
575 2062 665 2126 malis
684 2064 804 2127 moveri
822 2060 1097 2151 demonstramus)
1120 2065 1181 2129 Εο-

141 2171 215 2238 dem
241 2176 373 2239 fortasse
402 2176 562 2239 referendi
584 2189 658 2241 sunt
676 2177 893 2243 Dicaearchus
915 2191 946 2242 et
969 2179 1181 2264 Hieronymus

141 2286 313 2367 Rhodius,
333 2310 474 2374 quorum
493 2290 574 2352 alter
592 2290 720 2375 dialogo
745 2291 824 2378 περὶ
839 2287 950 2376 ψυχῆς
972 2291 1069 2354 animi
1087 2302 1181 2354 natu-

142 2423 209 2464 ram
228 2401 414 2488 indagavit,
443 2424 583 2487 eumque
609 2404 776 2466 mortalem
797 2424 865 2466 esse
887 2402 1132 2482 demonstravit,
1151 2400 1177 2489 ⁸)

142 2515 223 2578 alter
245 2536 320 2579 vero
342 2515 426 2580 hanc
447 2517 635 2579 sententiam
659 2518 840 2602 professus,
868 2515 948 2579 nihil
972 2517 1092 2581 bonum
1114 2539 1181 2581 esse

139 2628 199 2691 nisi
217 2629 410 2694 vacuitatem
432 2629 569 2708 doloris,
592 2628 625 2693 id
636 2631 670 2692 in
681 2630 792 2715 primis
811 2629 950 2708 studuit,
971 2642 1007 2693 ut
1025 2631 1066 2694 ab
1077 2631 1181 2717 aegri·

175 2974 201 3040 1)
235 2978 287 3026 Cic.
305 2977 370 3026 Ibid.
388 2979 431 3026 1v.
448 2977 489 3028 19.
506 2993 545 3041 sq.
564 2979 604 3026 Do
624 2978 673 3040 Off.
690 2979 711 3025 1.
727 2975 769 3025 25.

175 3067 201 3133 2)
237 3071 288 3120 Cic.
306 3071 372 3119 Ibid.
386 3072 433 3120 ΙΙΙ.
452 3070 494 3120 32.
513 3072 548 3120 Ct'.
565 3072 597 3121 de
610 3087 641 3120 eo
657 3072 728 3134 Dicg.
744 3072 826 3120 baert.
845 3071 874 3119 V.
888 3068 930 3119 65.
947 3085 1003 3135 sqq.
1019 3070 1096 3120 Glem.
1107 3072 1178 3122 Alex.

142 3164 233 3215 Strom
252 3166 285 3213 ΙΙ.
301 3181 327 3229 p.
343 3163 402 3214 49⁷.

178 3255 204 3321 3)
240 3259 291 3307 cto.
322 3258 386 3306 thid.
413 3260 432 3307 1.
449 3257 491 3307 10.
508 3261 543 3307 Cf.
560 3259 591 3307 de
607 3260 656 3307 hoc
675 3259 775 3321 dialogo
794 3260 830 3308 Cl.
846 3259 939 3307 Bakius
955 3261 1039 3309 Sobel.
1056 3262 1179 3325 Hypovnts.

140 3352 173 3398 11.
192 3367 217 3415 p.
228 3349 271 3399 22.
291 3352 378 3399 Cicero
394 3353 443 3400 hoo
462 3367 565 3416 quoque
579 3352 726 3401 Dicaearchi
744 3358 820 3415 opere
836 3353 862 3399 in
878 3353 1050 3401 consolatione
1065 3370 1109 3402 sus
1119 3370 1179 3404 usus

139 3444 258 3506 videtur,
274 3446 396 3508 quoniam
413 3461 444 3492 eo
458 3450 587 3509 tempore,
603 3462 655 3509 quo
671 3446 741 3494 hunc
756 3446 851 3494 librum
869 3446 988 3508 scripsit,
1005 3447 1119 3496 Atticum
1137 3463 1180 3494 ro-

138 3537 217 3600 gavit,
230 3543 259 3585 ut
266 3538 413 3586 Dicaearchi
424 3526 495 3611 Ιπερὶ
509 3529 615 3611 ψῡχῆς
630 3544 753 3602 utrosque
768 3538 816 3586 sibi
831 3539 953 3589 mitteret.
966 3540 1044 3603 Epist.
1055 3539 1123 3610 ΧῌΙ.
1134 3537 1176 3587 32.
1261 3596 1263 3600 .

141 3630 176 3678 (ll.
203 3632 341 3680 Schneider
365 3632 396 3680 de
411 3632 509 3682 Censet.
535 3633 588 3681 Cio.
615 3649 639 3696 p.
665 3630 707 3680 stt.
730 3648 767 3695 sq.
790 3638 867 3696 atque
885 3634 912 3680 iu
930 3633 1016 3695 primis
1034 3632 1073 3679 Fr.
1093 3631 1175 3679 Osann

138 3725 222 3772 Bsitr.
252 3740 302 3772 saer
327 3727 370 3772 Gr.
391 3725 444 3773 und
462 3726 532 3774 Rem.
550 3728 615 3774 titt.
638 3724 714 3775 1839.
736 3726 791 3773 Vol.
811 3726 845 3773 11.
859 3741 884 3788 p.
904 3723 938 3772 35
953 3704 1019 3787 sqq„
1035 3723 1080 3787 qui
1098 3740 1177 3772 accu-
1232 3736 1234 3739 ·

139 3817 217 3865 ratius
239 3818 272 3865 de
286 3819 335 3867 hoc
349 3833 426 3882 opere
439 3834 531 3882 agens,
547 3818 646 3867 duabus
661 3818 686 3865 id
705 3817 820 3881 partibus
838 3818 981 3866 constitisse
997 3816 1094 3879 docuit,
1112 3835 1176 3881 qus-

137 3925 193 3958 rum
218 3913 297 3960 altera
315 3912 417 3959 nomine
440 3902 609 3979 Λεσβιακοῦ
629 3911 660 3958 de
678 3911 755 3958 animi
770 3885 860 3959 uatum
879 3911 993 3971 mortali,
1014 3910 1092 3981 altera
1105 3926 1176 3971 vero,

138 3990 341 4074 Κορινθιακός
357 4005 489 4067 inscripta,
504 4003 535 4051 de
554 4004 661 4052 interitu
679 4004 810 4051 hominum
825 4004 888 4066 egit.
