2648 4844
656 340 686 386 tx

148 506 250 569 blicis
269 504 467 566 lectionibus
483 507 662 587 privatam
672 504 894 589 conjungebat
911 507 1185 586 institutionem,

146 669 215 732 qua
247 644 405 729 antiquis
436 641 709 727 interpretandis
742 644 985 727 scriptoribus,
1023 645 1186 710 tradenda

145 785 302 848 bistoria
327 795 359 846 et
385 781 589 866 disputandi
616 781 919 845 exercitationibus
937 783 1197 863 instituendis,

145 919 320 1008 explicare
337 924 516 1008 ingenium
526 943 638 984 meum
655 935 686 984 et
704 921 856 985 discendi
872 921 1187 987 ardoremeacitare

146 1076 180 1126 et
198 1083 324 1150 angere
342 1059 489 1126 studuit.
516 1061 649 1146 Quibus
667 1058 834 1143 beneficiis
851 1062 1010 1125 cumulus
1024 1066 1184 1141 accessit,

146 1223 252 1288 quum
265 1196 614 1280 me,ci.rAcademiae
630 1197 784 1262 stadium
800 1201 1005 1285 ingressum,
1023 1203 1061 1263 in
1073 1224 1185 1266 eorum

145 1338 347 1402 admitteret
360 1358 558 1414 numerum,
573 1336 773 1422 quibuscum
784 1327 1024 1422 antiquorum,
1036 1342 1186 1402 manime

146 1477 329 1555 Platonis,
346 1478 481 1559 scripta
506 1475 615 1560 legere
641 1489 864 1539 consueverat.
899 1476 1039 1561 Quoties
1053 1490 1184 1557 autem,

143 1616 371 1679 dilectissime
379 1612 516 1699 frater,
529 1616 567 1675 in
581 1634 799 1697 vesperarum
821 1614 971 1678 illarum
985 1619 1185 1680 memoriam

37 1804 40 1813 ,
143 1753 259 1832 redeo,
286 1714 381 1816 redeo
395 1764 510 1815 autem
524 1753 739 1836 saepissime,
767 1755 871 1816 toties
894 1755 986 1817 mibi
1010 1752 1185 1818 desidera-

146 1894 281 1955 tissimi
297 1894 371 1955 oiri
387 1893 503 1976 imago
520 1890 562 1953 ab
585 1890 695 1954 oculos
712 1892 827 1952 cicens
844 1905 1020 1971 versatur,
1047 1916 1183 1956 monen-

145 2035 212 2111 tis,
251 2030 492 2109 adhortantis,
523 2032 666 2114 optimis
700 2030 887 2116 quibusque
913 2054 973 2094 nos
999 2033 1184 2097 imbueritis

139 2173 342 2257 principiis.
383 2166 460 2234 Non
478 2172 568 2232 enim
586 2170 756 2254 magistri
777 2167 885 2255 officio
904 2173 1000 2232 unice
1012 2169 1183 2257 fungens,
1238 2178 1252 2202 '

106 2345 111 2352 ·
139 2316 184 2375 -in
201 2312 402 2394 scriptoris,
420 2332 517 2394 quem
529 2307 768 2392 suplicandum
783 2308 854 2370 sibi
868 2323 1055 2387 sumserat,
1072 2310 1183 2374 verbis

144 2449 318 2528 baerebat,
335 2447 393 2511 sed
409 2447 547 2533 longius
561 2466 786 2532 progressus,
809 2448 883 2508 eius
898 2450 1104 2510 seutentiam
1128 2472 1182 2512 ea·
1259 2460 1263 2466 '

139 2588 317 2673 plorabat,
335 2585 635 2670 interpretabatur
647 2584 919 2669 pbilosopbiam,
935 2588 1184 2671 gravissimas·

145 2751 208 2816 quc
222 2727 320 2791 nobis
338 2725 432 2790 baud
446 2748 529 2788 raro
548 2726 761 2810 quaestiones
775 2745 981 2808 proponens,
1008 2728 1061 2788 ita
1079 2725 1118 2790 de
1133 2729 1182 2790 iis

144 2867 374 2955 disquirebat,
400 2878 441 2929 at
465 2885 532 2926 non
553 2865 766 2948 magistrum
790 2885 866 2926 cum
893 2864 1093 2948 discipulis,
1125 2868 1184 2932 sed

144 3008 293 3071 amicum
310 3018 398 3068 natu
425 3004 590 3088 majorem
617 3023 692 3066 cum
709 3001 917 3087 junioribus
942 3003 1181 3088 colloquentem

143 3143 265 3214 audire
281 3143 378 3207 nobis
397 3141 597 3205 videremur.
640 3138 725 3203 Tum
742 3153 874 3218 autem,
901 3140 939 3203 de
955 3141 1105 3205 bominis
1116 3142 1181 3229 fa-

143 3283 350 3373 cultatibus,
367 3280 407 3343 de
427 3279 658 3355 bumanitote,
684 3277 723 3341 de
744 3278 888 3362 pulcbro
908 3293 939 3342 et
961 3280 1041 3344 bono
1058 3280 1181 3366 dispu-

143 3437 241 3500 tans,
261 3414 478 3498 ἐνθουσιάζων
496 3417 617 3502 plane,
643 3415 682 3479 id
699 3420 737 3479 in
763 3439 814 3479 me
831 3416 1011 3504 efficiebat,
1039 3421 1183 3507 utquid

144 3559 280 3624 tandem
301 3556 397 3621 illud
412 3569 513 3635 esset,
536 3555 737 3619 scribere
767 3558 814 3617 in
844 3555 1067 3620 bominum
1089 3562 1181 3623 ani·

143 3701 247 3777 mis,
265 3698 369 3782 plone
382 3707 597 3780 perspectum
624 3693 784 3756 baberem.

188 3839 282 3926 Quae
308 3858 413 3922 quum
439 3847 548 3897 essent
580 3835 704 3916 optimi
726 3834 846 3915 patris
864 3835 911 3894 vin
934 3855 985 3896 me
1002 3836 1178 3901 cumulata

142 3971 315 4057 benficia,
333 3972 430 4035 nibil
445 3972 560 4056 magis
578 3991 629 4032 me
645 3972 771 4047 tenuit,
788 3992 891 4056 quam
907 3985 946 4035 ut
972 3975 1021 4035 iis
1040 3974 1181 4059 aliquid
