2648 4844
141 94 217 161 Cum
232 103 340 163 autent
357 91 439 157 boec
459 102 541 157 esset
561 89 693 164 eiusde
715 78 859 178 νῦθυμίᾳ
879 93 1057 169 sententia,
1080 93 1176 157 unice

141 229 208 291 eom
235 205 436 290 comparari,
463 205 491 275 ri
522 227 628 293 neque
651 208 773 273 laetitia
793 227 900 292 neque
927 205 1054 271 tristitia
1079 205 1176 273 nimia

141 320 316 398 afficimur,
340 340 467 388 omnem
488 318 631 386 dolorem
647 334 679 387 et
698 323 824 386 luctum
843 318 987 384 funditus
998 317 1175 383 tollendum

142 433 275 501 censuit.
300 433 384 498 Hinc
399 431 481 510 illud
497 433 565 499 eius
581 434 720 500 dictum:
744 420 1046 516 λὺπηνᾶδέσπιπαν
1067 430 1177 516 ψυχῆς

141 535 304 632 ναρκώσης
329 542 474 627 λογισμῷ
497 539 683 641 ἒίαροαεᾼ)
707 572 846 635 cumque
867 552 972 613 omnia
991 564 1078 614 certa
1096 572 1175 635 qua-

141 663 211 729 dam
234 665 423 729 necessitate
449 664 544 742 liant,
579 665 729 750 sapientis
760 685 827 726 esse
860 685 923 726 nou
946 665 1033 727 inani
1061 663 1176 727 confici

140 800 300 856 moerore,
332 777 387 840 sed
410 778 525 841 cedere
547 778 633 841 ultro
655 779 822 842 fortunae:
852 764 1016 860 αἷίργιστίνγ
1038 767 1081 860 μή
1103 773 1176 858 ξυγ-

139 887 273 976 χωρέειν
291 893 380 952 ταῖσι
401 880 482 951 κατα
503 888 576 968 βίον
598 881 754 972 &reparato
767 886 793 973 ²)
820 890 878 951 llos
900 897 1024 964 utitem,
1047 889 1105 971 qui
1128 890 1176 951 rel

139 1003 200 1087 ipsi
218 1013 307 1065 metu
327 1003 436 1065 mortis
453 1001 696 1079 cruciabantur,
720 1004 768 1064 vel
785 1001 1036 1065 necessariorum
1053 1001 1176 1065 obitum

139 1115 314 1201 lugebant,
336 1114 424 1178 hisce
448 1115 551 1176 verbis
570 1116 695 1199 erigere
719 1138 757 1179 ac
785 1116 942 1178 consolari
964 1114 1100 1176 solebat:
1132 1137 1177 1197 γι-

138 1216 288 1311 γνώσκειν
314 1224 417 1313 χρέων
443 1218 651 1311 ἀνθρωπίνην
676 1219 787 1312 βιοτήν
819 1218 969 1312 ἅφανρὴν
1000 1247 1036 1288 τε
1063 1223 1179 1288 ἐοῦσαν

111 1336 192 1403 -ναί
213 1327 443 1424 ὀλιγρχρὸνιον,
472 1333 615 1421 πολλῇσί
633 1357 670 1399 τε
697 1335 792 1423 κηρσὶ
819 1333 1094 1422 συμπεφυρμένην
1125 1335 1179 1398 καὶ

139 1439 342 1535 &opporteat-
365 1439 448 1520 ὅκως
470 1438 508 1509 ἂν
528 1442 614 1532 πρός
635 1443 769 1534 popter
783 1468 819 1509 τε
833 1436 962 1532 κτήσιος
978 1442 1177 1531 ἐπιμελῆται,

138 1557 192 1627 ναὶ
212 1557 368 1645 μετρῆται
390 1554 446 1623 ἐπὶ
458 1559 528 1630 τοῖς
547 1547 728 1640 ἀναγκαίοις
743 1548 761 1643 ἡ
776 1554 1023 1642 ταίαιπωρίηλ)
1038 1587 1069 1594 -
1080 1554 1179 1641 Διζη-

139 1666 265 1751 μένοισι
286 1660 347 1756 γὰρ
368 1657 394 1731 τ’
408 1658 519 1752 ἀγαθὰ
539 1657 634 1750 μόλις
654 1667 899 1755 παραγίγνεται,
920 1658 1179 1732 redimiculum

138 1772 183 1867 μὴ
204 1777 427 1866 διζημένοισιν.
441 1777 466 1867 ⁴)
502 1781 704 1867 Propouebat
730 1781 853 1847 idcirco
874 1781 1060 1865 lugentibus
1082 1781 1178 1842 vitam

138 1892 357 1959 calamitatum
373 1894 517 1979 plenam,
541 1896 659 1981 quibus
671 1919 710 1959 ne
726 1897 799 1981 quis
815 1894 1059 1970 succumberet,
1072 1893 1178 1954 omni-

140 2005 200 2071 bus
228 2006 349 2077 uiribus
379 2007 507 2071 studere
536 2007 694 2086 debebat,
728 2019 826 2092 atque
854 2006 927 2069 ideo
953 2017 1088 2069 mortem
1114 2026 1178 2071 uon

140 2141 207 2185 esse
229 2120 421 2206 lugendam,
453 2122 575 2206 quippe
597 2143 680 2207 quae
707 2121 794 2186 hisce
816 2120 950 2185 miseriis
972 2141 1028 2182 nos
1050 2118 1176 2184 liberet.

141 2235 220 2298 Mors
237 2235 323 2297 enim
342 2257 379 2298 er
396 2236 464 2298 eius
481 2237 636 2299 sententia
652 2258 714 2299 non
733 2257 849 2320 corpus
862 2244 983 2297 tantum
994 2282 1003 2310 ,
1015 2232 1070 2295 sed
1082 2234 1177 2297 etiam

140 2350 281 2419 animum
304 2350 494 2434 exstinguit,
523 2371 596 2412 nam
616 2371 691 2413 oum
712 2351 835 2414 animus
858 2369 895 2410 or
913 2348 1025 2411 atomis
1048 2368 1177 2431 compo·

140 2463 219 2527 situs
241 2462 302 2541 sit,
325 2463 422 2531 atomi
443 2473 550 2525 autem
573 2463 687 2525 resolvi
717 2462 854 2546 possint,
883 2462 927 2523 ita
956 2481 1087 2545 quoque
1109 2462 1177 2523 ani-

141 2597 209 2641 mus
228 2576 451 2660 exstinguatur
479 2597 609 2660 prorsus
633 2585 679 2637 est
698 2569 874 2657 necesse.⁵)
911 2572 1049 2635 Ridebat
1077 2574 1176 2656 igitur

143 2781 346 2790 *-

174 2890 200 2954 1)
227 2873 305 2942 ¹8tob.
319 2894 384 2942 Ibid.
399 2895 439 2942 tit.
455 2889 515 2958 108,
531 2891 574 2942 6⁷.
598 2894 643 2942 (28⁸,
662 2892 693 2940 de
709 2893 756 2940 boo
771 2893 826 2940 eius
841 2893 956 2940 doctrina
974 2893 1087 2939 Bruolrer
1106 2893 1176 2938 Hist.

142 2988 199 3036 orit.
217 2988 287 3052 phil.
301 2987 367 3036 Edit.
384 2989 417 3036 II.
436 2989 463 3036 Τ.
477 2990 496 3036 Ι.
514 3003 570 3051 pag.
585 2985 661 3036 1188.
682 2987 789 3035 lleiners
804 2986 898 3034 Gosclr.¹
914 2986 959 3032 dor
979 2985 1132 3032 Wissoosolr.
1149 2987 1178 3031 in

144 3082 186 3129 θα.
209 3082 264 3130 und
279 3084 349 3130 eon.
369 3082 425 3130 Vol.
440 3083 459 3129 l.
480 3096 536 3146 pag.
556 3079 614 3129 ⁷28.
635 3082 725 3129 Lafaist
735 3083 808 3129 Dies.
825 3080 914 3127 serlo
926 3079 992 3142 ptil.
1004 3079 1175 3140 atmnistique.

143 3175 194 3224 Per.
208 3174 278 3224 1883
293 3193 319 3240 p.
335 3174 394 3224 102.

175 3268 202 3331 Ε)
239 3271 307 3318 Stob.
329 3271 398 3320 Flor.
418 3272 458 3319 tit.
472 3268 539 3333 188,
554 3267 596 3318 84.
613 3270 648 3318 Cf.
669 3269 737 3318 Stob.
756 3270 813 3317 Eol.
835 3270 895 3316 Est.
916 3269 948 3315 11.
967 3268 999 3328 9,
1015 3267 1040 3314 5.

175 3361 201 3425 8)
237 3365 301 3412 Ibid.
319 3366 358 3413 tit.
377 3365 426 3426 88,
445 3363 487 3412 88.

176 3455 201 3518 l)
237 3458 482 3521 lbid.tit.88,58.

175 3548 201 3613 5)
237 3553 288 3601 cie.
312 3554 387 3600 Ture.
414 3555 443 3611 Q.
469 3555 488 3601 Ι.
514 3550 554 3599 11.
584 3553 628 3599 eff.
651 3552 688 3599 Fr.
717 3551 859 3600 lleimeoeth
884 3552 1026 3600 Dmocric'
1044 3551 1074 3598 de
1093 3552 1176 3596 animo

144 3645 274 3708 doctrino,
291 3649 369 3696 Bono.
390 3646 472 3709 1835,
489 3663 514 3710 p.
529 3646 545 3694 3
560 3662 615 3709 sqq.
633 3645 723 3693 Lasaist
741 3647 757 3692 l.
776 3646 792 3692 l.
812 3663 834 3709 p.
852 3645 893 3693 88.
