2648 4844
644 331 680 397 171

142 503 174 577 in
195 483 345 578 unisono
366 505 477 581 doloro
495 516 528 577 et
545 506 745 578 consolandis
762 509 889 579 niseus
905 512 1116 594 praestantis,
1129 522 1176 577 nt·

141 637 205 702 que
217 618 267 692 ita
282 620 481 695 accuratiore
493 621 735 712 investigatione
750 620 935 706 dignissima
949 624 1176 708 quaestions,

137 752 225 816 spuo,
242 731 333 807 duce
348 731 573 818 philosophia,
591 735 624 808 iu
644 734 754 804 eedem
767 756 801 799 re
817 739 1022 820 pervenerint
1038 738 1176 822 silliqui.

139 846 227 918 Haec
240 847 332 919 euim
350 845 437 930 apud
457 846 569 919 eosder
581 847 648 916 fere
660 859 758 933 elque
769 871 820 916 ars
832 850 1006 928 vitaeesat,
1018 850 1099 917 haec
1111 850 1178 917 sola

141 957 302 1035 medicina
317 961 421 1035 :animi
436 959 630 1040 habebatur,
652 959 733 1027 haec
753 965 916 1046 puriorem
938 964 1074 1035 docendi
1097 964 1178 1032 reli.-

138 1073 271 1158 sionem
280 1084 387 1158 pantes
404 1075 468 1149 sihi
490 1073 682 1149 iudicabat.
695 1072 720 1161 ¹)
755 1076 982 1163 lnqusuoba,
995 1077 1178 1163 disputandi

126 1199 367 1272 ‘assumentum
378 1188 631 1273 quaesenubus,
650 1190 684 1261 in
696 1191 806 1274 punis
823 1189 879 1263 hic
895 1190 1118 1276 philosophiae
1130 1192 1177 1257 ln

141 1322 199 1376 sul
222 1302 347 1382 enisis„
380 1313 417 1375 ut
439 1303 558 1396 quibus
580 1303 767 1378 consolandi
785 1305 964 1377 rationibus
983 1307 1036 1375 ‚usi
1057 1307 1179 1377 fuerint

138 1416 266 1500 antiqui
286 1414 470 1501 philesophi
488 1417 631 1496 Graeci,
651 1429 876 1504 quantumquo
898 1419 1011 1492 iisdesn
1033 1420 1178 1487 tribuco.

140 1526 218 1591 dum
237 1529 299 1607 sit,
323 1528 397 1594 data
420 1553 516 1615 opera
538 1552 575 1605 er
598 1531 718 1605 virilius
735 1532 990 1616 eapluraremus.
1025 1534 1177 1605 Dohmus

141 1897 224 1943 lsscne
247 1896 339 1956 Brisffe
362 1897 489 1958 Cicero’s,
514 1899 559 1959 qui
580 1899 607 1944 in
631 1900 699 1947 notis
723 1899 842 1947 nonnihil
862 1900 963 1947 monuit
984 1900 1015 1947 de
1032 1899 1180 1947 consolandi

133 1991 310 2052 ‘argumentiq
330 1990 424 2053 quibus
448 1991 474 2037 in
491 1992 605 2054 epistolis
628 1993 680 2039 suis
701 2009 760 2040 usus
773 1998 812 2040 est
830 1994 932 2055 Cicero,
960 2009 1113 2056 quamquam
1136 1993 1180 2042 ille

68 2153 70 2158 ι
140 2085 209 2132 hunc
228 2090 327 2132 tantum
345 2085 510 2148 scriptorem,
529 2102 581 2134 non
601 2102 660 2134 vero
678 2088 787 2135 Graecos
802 2088 965 2152 philosophos
982 2089 1098 2151 respexit.
1118 2088 1180 2136 llei-

140 2180 239 2227 nersius
260 2183 347 2226 autem
365 2179 392 2225 in
408 2179 467 2227 diss.
497 2182 629 2228 Betraelst.
652 2182 715 2228 siber
737 2182 761 2229 d.
780 2182 834 2229 Tod
850 2198 876 2230 ss.
902 2184 1017 2248 Trostgr.
1035 2182 1081 2229 der
1104 2183 1181 2232 Alton

141 2274 222 2321 scidsr
234 2273 278 2320 dic
294 2275 437 2321 Selsrcclscn
450 2275 597 2342 desselben(
603 2276 680 2324 Versu.
700 2278 771 2324 Phil.
789 2278 863 2324 Selor.
880 2277 936 2324 Vol.
955 2272 999 2336 11.)
1016 2292 1040 2339 p.
1057 2274 1107 2322 166
1124 2291 1180 2338 sqq.

140 2373 210 2416 utet
229 2368 353 2415 Sertorius
375 2369 442 2415 Oves
457 2368 488 2415 de
506 2375 624 2433 troostgr.
645 2370 690 2417 der
708 2370 788 2417 sodon
806 2371 841 2435 bij
862 2370 909 2417 den
928 2370 991 2418 dood
1009 2371 1107 2417 lunser
1122 2368 1182 2414 Isin-

141 2461 216 2509 dsron
236 2461 396 2527 (Mcg.'voor
414 2463 548 2510 wstesoscls.
567 2451 692 2511 studens
710 2481 733 2511 v.
755 2465 868 2527 Kampen
892 2464 985 2511 v01.1.
1005 2463 1032 2511 P.
1052 2458 1096 2526 ΙΙ.)
1115 2478 1182 2510 nnn-

139 2555 210 2603 nulla
228 2560 327 2602 tuntum
346 2571 435 2602 eorum
453 2557 563 2621 scripta,
586 2563 614 2605 ut
628 2558 777 2620 Aeschinis,
796 2558 940 2620 Plutarchi,
965 2558 1074 2606 Senecae
1098 2561 1181 2604 atten-

140 2647 248 2711 derunt,
269 2649 438 2710 neglexerunt
462 2666 521 2698 vero
546 2655 653 2699 eeteros.
690 2653 777 2714 Neque
801 2652 827 2699 id
845 2653 963 2698 fecerunt
981 2651 1039 2697 Fest
1056 2651 1083 2696 in
1104 2663 1180 2712 opere

140 2744 228 2804 Boytr.
254 2758 305 2789 zur
319 2745 494 2808 Berulss'gssng
517 2745 580 2791 siler
600 2744 747 2812 diejcm‘gou
771 2747 875 2810 Dirige,
888 2782 890 2785 .
904 2745 946 2792 dic
964 2744 1019 2792 dem
1042 2744 1181 2792 Mensclscn

140 2838 316 2902 omngenelsm
341 2838 409 2885 sind.
439 2839 521 2903 Leipz.
547 2837 624 2901 1789,
644 2838 660 2886 5
679 2840 756 2902 v011.,
778 2855 863 2902 neque
887 2840 985 2902 ceteri,
1019 2839 1109 2902 quiin
1130 2839 1180 2887 hoc

140 2946 215 2993 opere
234 2930 387 2990 laudantur,
406 2932 613 2996 Weitenlrampf,
629 2932 796 2996 Weishaupt,
815 2933 860 2995 qui
876 2948 964 2980 omnes
977 2933 1056 2993 magis
1076 2932 1181 2992 religio-

139 3024 179 3072 nis
200 3025 357 3073 Christianae
385 3042 461 3089 quam
488 3032 604 3074 veterum
628 3027 837 3090 philosophorum
862 3024 1009 3074 consolandi
1030 3029 1181 3084 argumenta

139 3110 313 3167 attenderunt.
333 3120 404 3167 Idem
414 3120 550 3176 dicendum
566 3121 597 3169 de
607 3121 671 3185 disp.
682 3121 818 3168 Reinhsrdi
829 3121 859 3168 de
863 3121 1028 3184 praestantia
1040 3120 1180 3184 roligionis

142 3212 238 3261 Christ.
266 3216 295 3260 s'ss
319 3215 482 3261 consolandis
504 3217 609 3262 miseris
633 3216 737 3282 (Opnse.
756 3215 837 3262 Acod.
858 3215 914 3262 Vol.
934 3211 978 3277 ΙΙ.)
997 3231 1022 3278 p.
1042 3212 1093 3262 289
1112 3229 1178 3277 sqq.,

139 3306 201 3355 licet
216 3313 302 3356 umen
314 3308 359 3355 ille
376 3308 463 3356 multis
479 3309 542 3357 locis
556 3310 720 3372 antiquorum
730 3309 823 3372 scripta
833 3309 987 3356 adhibuerit.
1001 3308 1108 3355 Multum
1119 3323 1179 3356 vero

139 3416 179 3450 me
196 3403 223 3449 in
238 3402 288 3450 hcc
304 3402 362 3450 loco
378 3403 510 3451 tractando
525 3404 680 3466 adjuverunt
702 3408 756 3450 tum
780 3404 904 3466 Ruhlrops
923 3403 1044 3467 Prolegg.
1066 3402 1101 3449 ad
1119 3403 1177 3450 Son.

141 3496 212 3544 Cous.
233 3496 268 3543 od
287 3497 362 3545 Helo.
378 3497 465 3544 v01.1.
482 3513 507 3560 p.
527 3496 577 3545 156
592 3513 641 3560 sq.,
660 3502 714 3545 tum
733 3513 794 3544 vero
815 3497 842 3544 in
861 3497 948 3560 primis
963 3496 1178 3558 Wyttenbachius

144 3591 268 3655 Prolegg.
284 3591 314 3636 iss
331 3597 414 3639 annot.
430 3590 465 3637 od
483 3591 553 3638 Peos.
576 3592 647 3638 Coros.
664 3591 698 3638 nd
711 3591 796 3654 Apoll.
813 3591 869 3638 vol.
886 3592 929 3638 VI.
949 3607 974 3653 p.
991 3588 1042 3637 697
1057 3605 1112 3651 sqq.
1131 3589 1176 3651 qui

139 3684 282 3746 catalogum
300 3684 427 3732 dederuut
445 3685 598 3748 scriptorum
614 3689 744 3746 veterum,
764 3685 808 3747 qui
827 3684 994 3732 consolatoria
1018 3683 1177 3746 scripserunt

140 3792 232 3843 opera,
251 3778 314 3826 licet
330 3784 413 3826 tamen
432 3780 570 3827 nonnullos
587 3780 818 3843 praetermiserint,
838 3784 867 3825 ut
881 3777 1064 3839 Metrodorum,
1084 3777 1177 3826 Panae-

138 3872 218 3933 tium,
238 3872 415 3934 Posidonium,
439 3879 468 3919 ut
491 3880 518 3920 et
536 3874 671 3937 scriptores
689 3873 719 3920 de
735 3872 822 3920 exsilio
840 3877 867 3919 et
882 3877 1023 3919 senectute.

175 3964 204 4029 1)
240 3967 290 4014 Cic.
310 3965 341 4013 de
359 3967 431 4016 Fines.
447 3967 478 4031 ll.
495 3965 518 4015 5.
538 3967 573 4016 Cf.
591 3965 749 4014 dilectissimi
767 3967 845 4030 patris
863 3967 925 4016 Im't.
938 3966 1006 4029 phil.
1024 3965 1091 4015 Plus.
1118 3965 1173 4014 Vol.

145 4058 165 4107 Ι.
184 4075 209 4123 p.
227 4058 270 4121 61,
289 4059 331 4108 66.
