<?xml version="1.0" encoding="UTF-8"?>
<!DOCTYPE html PUBLIC "-//W3C//DTD XHTML 1.0 Transitional//EN"
    "http://www.w3.org/TR/xhtml1/DTD/xhtml1-transitional.dtd">
<html xmlns="http://www.w3.org/1999/xhtml" xml:lang="en" lang="en">
 <head>
  <title>
</title>
<meta http-equiv="Content-Type" content="text/html;charset=utf-8" />
  <meta name='ocr-system' content='tesseract 3.04.00' />
  <meta name='ocr-capabilities' content='ocr_page ocr_carea ocr_par ocr_line ocrx_word'/>
</head>
<body>
  <div class='ocr_page' id='page_1' title='image "./diatribeinlocum00heusgoog_0080.png"; bbox 0 0 2648 4844; ppageno 0'>
   <div class='ocr_carea' id='block_1_1' title="bbox 598 313 640 376">
    <p class='ocr_par' dir='ltr' id='par_1_1' title="bbox 598 313 640 376">
     <span class='ocr_line' id='line_1_1' title="bbox 598 313 640 376; baseline 0.071 -3"><span class='ocrx_word' id='word_1_1' title='bbox 598 313 640 376; x_wconf 81' lang='lat'>25</span> 
     </span>
    </p>
   </div>
   <div class='ocr_carea' id='block_1_2' title="bbox 32 491 1215 3853">
    <p class='ocr_par' dir='ltr' id='par_1_2' title="bbox 32 491 1215 3853">
     <span class='ocr_line' id='line_1_2' title="bbox 94 491 1137 582; baseline -0.007 -22"><span class='ocrx_word' id='word_1_2' title='bbox 94 520 171 582; x_wconf 90' lang='lat' dir='ltr'>pars</span> <span class='ocrx_word' id='word_1_3' title='bbox 191 496 307 558; x_wconf 83' lang='lat' dir='ltr'>serviat</span> <span class='ocrx_word' id='word_1_4' title='bbox 325 493 493 570; x_wconf 89' lang='lat' dir='ltr'>deteriori,</span> <span class='ocrx_word' id='word_1_5' title='bbox 516 491 572 554; x_wconf 91' lang='lat' dir='ltr'>sed</span> <span class='ocrx_word' id='word_1_6' title='bbox 591 492 806 576; x_wconf 78' lang='lat' dir='ltr'><strong>principatum</strong></span> <span class='ocrx_word' id='word_1_7' title='bbox 828 492 896 573; x_wconf 87' lang='lat' dir='ltr'>ipsa</span> <span class='ocrx_word' id='word_1_8' title='bbox 908 500 1017 552; x_wconf 86' lang='lat' dir='ltr'>tenens</span> <span class='ocrx_word' id='word_1_9' title='bbox 1032 492 1137 576; x_wconf 81' lang='lat' dir='ltr'>aegri·</span> 
     </span>
     <span class='ocr_line' id='line_1_3' title="bbox 48 602 1136 689; baseline -0.005 -15"><span class='ocrx_word' id='word_1_10' title='bbox 48 602 54 611; x_wconf 54' lang='lat'>⁸</span> <span class='ocrx_word' id='word_1_11' title='bbox 96 610 227 674; x_wconf 86' lang='lat' dir='ltr'>tudines</span> <span class='ocrx_word' id='word_1_12' title='bbox 245 605 403 689; x_wconf 66' lang='lat' dir='ltr'>sulrjectas</span> <span class='ocrx_word' id='word_1_13' title='bbox 425 605 486 668; x_wconf 86' lang='lat' dir='ltr'>sibi</span> <span class='ocrx_word' id='word_1_14' title='bbox 507 604 633 670; x_wconf 89' lang='lat' dir='ltr'>haheat.</span> <span class='ocrx_word' id='word_1_15' title='bbox 658 604 867 669; x_wconf 77' lang='lat' dir='ltr'>Assuefaoere</span> <span class='ocrx_word' id='word_1_16' title='bbox 884 604 983 688; x_wconf 86' lang='lat' dir='ltr'>igitur</span> <span class='ocrx_word' id='word_1_17' title='bbox 994 624 1032 668; x_wconf 83' lang='lat' dir='ltr'>ee</span> <span class='ocrx_word' id='word_1_18' title='bbox 1043 625 1136 688; x_wconf 85' lang='lat' dir='ltr'>prae-</span> 
     </span>
     <span class='ocr_line' id='line_1_4' title="bbox 96 716 1138 809; baseline -0.004 -23"><span class='ocrx_word' id='word_1_19' title='bbox 96 743 212 809; x_wconf 87' lang='lat' dir='ltr'>parare</span> <span class='ocrx_word' id='word_1_20' title='bbox 234 722 376 784; x_wconf 88' lang='lat' dir='ltr'>anirnum</span> <span class='ocrx_word' id='word_1_21' title='bbox 394 719 490 783; x_wconf 87' lang='lat' dir='ltr'>dehet</span> <span class='ocrx_word' id='word_1_22' title='bbox 512 718 661 782; x_wconf 84' lang='lat' dir='ltr'>adversus</span> <span class='ocrx_word' id='word_1_23' title='bbox 683 719 765 781; x_wconf 83' lang='lat' dir='ltr'>ritae</span> <span class='ocrx_word' id='word_1_24' title='bbox 786 716 884 795; x_wconf 71' lang='lat' dir='ltr'>mma,</span> <span class='ocrx_word' id='word_1_25' title='bbox 918 716 1006 800; x_wconf 89' lang='lat' dir='ltr'>quod</span> <span class='ocrx_word' id='word_1_26' title='bbox 1028 718 1053 780; x_wconf 90' lang='lat' dir='ltr'>si</span> <span class='ocrx_word' id='word_1_27' title='bbox 1076 719 1138 782; x_wconf 92' lang='lat' dir='ltr'>rite</span> 
     </span>
     <span class='ocr_line' id='line_1_5' title="bbox 95 831 1135 917; baseline -0.005 -17"><span class='ocrx_word' id='word_1_28' title='bbox 95 838 229 915; x_wconf 85' lang='lat' dir='ltr'>fecerit,</span> <span class='ocrx_word' id='word_1_29' title='bbox 253 834 447 898; x_wconf 72' lang='lat' dir='ltr'>calamitates</span> <span class='ocrx_word' id='word_1_30' title='bbox 466 855 541 896; x_wconf 87' lang='lat' dir='ltr'>eum</span> <span class='ocrx_word' id='word_1_31' title='bbox 556 831 672 896; x_wconf 88' lang='lat' dir='ltr'>deinde</span> <span class='ocrx_word' id='word_1_32' title='bbox 691 855 754 895; x_wconf 92' lang='lat' dir='ltr'>non</span> <span class='ocrx_word' id='word_1_33' title='bbox 771 841 992 917; x_wconf 74' lang='lat' dir='ltr'><strong>prosternent,</strong></span> <span class='ocrx_word' id='word_1_34' title='bbox 1016 831 1071 895; x_wconf 87' lang='lat' dir='ltr'>sed</span> <span class='ocrx_word' id='word_1_35' title='bbox 1089 832 1135 895; x_wconf 59' lang='lat' dir='ltr'>le*</span> 
     </span>
     <span class='ocr_line' id='line_1_6' title="bbox 97 935 1136 1032; baseline -0.002 -20"><span class='ocrx_word' id='word_1_36' title='bbox 97 953 179 1014; x_wconf 86' lang='lat' dir='ltr'>viter</span> <span class='ocrx_word' id='word_1_37' title='bbox 211 959 336 1012; x_wconf 88' lang='lat' dir='ltr'>tantum</span> <span class='ocrx_word' id='word_1_38' title='bbox 365 958 520 1032; x_wconf 84' lang='lat' dir='ltr'>pungent.</span> <span class='ocrx_word' id='word_1_39' title='bbox 555 935 781 1012; x_wconf 78' lang='grc' dir='ltr'><strong><em>Βουλεδεσθαι</em></strong></span> <span class='ocrx_word' id='word_1_40' title='bbox 802 936 878 1030; x_wconf 67' lang='grc' dir='ltr'><strong><em>χρὴ,</em></strong></span> <span class='ocrx_word' id='word_1_41' title='bbox 905 946 970 1023; x_wconf 85' lang='lat' dir='ltr'>ait,</span> <span class='ocrx_word' id='word_1_42' title='bbox 998 941 1078 1029; x_wconf 84' lang='grc' dir='ltr'><strong><em>περὶ</em></strong></span> <span class='ocrx_word' id='word_1_43' title='bbox 1097 935 1136 1010; x_wconf 84' lang='grc' dir='ltr'>τδ</span> 
     </span>
     <span class='ocr_line' id='line_1_7' title="bbox 97 1043 1136 1146; baseline -0.005 -22"><span class='ocrx_word' id='word_1_44' title='bbox 97 1052 236 1146; x_wconf 75' lang='grc' dir='ltr'><strong><em>γεγονὸς,</em></strong></span> <span class='ocrx_word' id='word_1_45' title='bbox 258 1057 312 1123; x_wconf 81' lang='grc' dir='ltr'>καὶ</span> <span class='ocrx_word' id='word_1_46' title='bbox 334 1051 448 1144; x_wconf 79' lang='grc' dir='ltr'><strong><em>ὥσπερ</em></strong></span> <span class='ocrx_word' id='word_1_47' title='bbox 470 1055 502 1122; x_wconf 79' lang='grc' dir='ltr'><strong><em>ἐν</em></strong></span> <span class='ocrx_word' id='word_1_48' title='bbox 522 1044 647 1120; x_wconf 84' lang='grc' dir='ltr'><strong><em>πτώσει</em></strong></span> <span class='ocrx_word' id='word_1_49' title='bbox 661 1044 767 1135; x_wconf 71' lang='grc' dir='ltr'><strong><em>κύβων</em></strong></span> <span class='ocrx_word' id='word_1_50' title='bbox 782 1047 868 1140; x_wconf 78' lang='grc' dir='ltr'><strong><em>πρὸς</em></strong></span> <span class='ocrx_word' id='word_1_51' title='bbox 883 1047 925 1119; x_wconf 76' lang='grc' dir='ltr'>τοὶ</span> <span class='ocrx_word' id='word_1_52' title='bbox 940 1043 1136 1119; x_wconf 79' lang='grc' dir='ltr'><strong><em>πεπτωκότα</em></strong></span> 
     </span>
     <span class='ocr_line' id='line_1_8' title="bbox 97 1153 1134 1255; baseline -0.008 -19"><span class='ocrx_word' id='word_1_53' title='bbox 97 1168 261 1236; x_wconf 87' lang='grc' dir='ltr'><strong><em>τίθεσθαι</em></strong></span> <span class='ocrx_word' id='word_1_54' title='bbox 280 1161 322 1233; x_wconf 75' lang='grc' dir='ltr'>τα</span> <span class='ocrx_word' id='word_1_55' title='bbox 343 1159 444 1234; x_wconf 71' lang='grc' dir='ltr'><strong><em>αὑτοῦ</em></strong></span> <span class='ocrx_word' id='word_1_56' title='bbox 469 1156 658 1255; x_wconf 71' lang='grc' dir='ltr'><strong><em>πράγματα,</em></strong></span> <span class='ocrx_word' id='word_1_57' title='bbox 689 1157 755 1250; x_wconf 76' lang='grc' dir='ltr'>ὅπῃ</span> <span class='ocrx_word' id='word_1_58' title='bbox 783 1153 801 1228; x_wconf 82' lang='grc' dir='ltr'>ὁ</span> <span class='ocrx_word' id='word_1_59' title='bbox 828 1154 924 1248; x_wconf 67' lang='lat' dir='ltr'>loyce</span> <span class='ocrx_word' id='word_1_60' title='bbox 950 1164 1038 1252; x_wconf 77' lang='grc' dir='ltr'><strong><em>αἱρεῖ</em></strong></span> <span class='ocrx_word' id='word_1_61' title='bbox 1059 1162 1134 1246; x_wconf 74' lang='grc' dir='ltr'>βέλ-</span> 
     </span>
     <span class='ocr_line' id='line_1_9' title="bbox 97 1264 1178 1364; baseline -0.005 -20"><span class='ocrx_word' id='word_1_62' title='bbox 97 1271 175 1344; x_wconf 87' lang='grc' dir='ltr'><strong><em>τιστ’</em></strong></span> <span class='ocrx_word' id='word_1_63' title='bbox 203 1272 243 1344; x_wconf 79' lang='grc' dir='ltr'><strong><em>δν</em></strong></span> <span class='ocrx_word' id='word_1_64' title='bbox 264 1273 361 1361; x_wconf 77' lang='grc' dir='ltr'><strong><em>ἔχειν,</em></strong></span> <span class='ocrx_word' id='word_1_65' title='bbox 385 1270 466 1342; x_wconf 72' lang='grc' dir='ltr'>ἄλλα</span> <span class='ocrx_word' id='word_1_66' title='bbox 486 1270 531 1364; x_wconf 75' lang='grc' dir='ltr'><em>μή</em></span> <span class='ocrx_word' id='word_1_67' title='bbox 552 1275 854 1363; x_wconf 72' lang='grc' dir='ltr'><strong><em>προσπταίσαντας,</em></strong></span> <span class='ocrx_word' id='word_1_68' title='bbox 881 1264 1035 1362; x_wconf 74' lang='grc' dir='ltr'><strong><em>καθάπερ</em></strong></span> <span class='ocrx_word' id='word_1_69' title='bbox 1057 1277 1134 1340; x_wconf 59' lang='grc' dir='ltr'>παῖΓ</span> <span class='ocrx_word' id='word_1_70' title='bbox 1175 1289 1178 1295; x_wconf 82' lang='grc'><em>’</em></span> 
     </span>
     <span class='ocr_line' id='line_1_10' title="bbox 99 1375 1131 1474; baseline -0.005 -19"><span class='ocrx_word' id='word_1_71' title='bbox 99 1391 171 1470; x_wconf 88' lang='grc' dir='ltr'><strong><em>δας,</em></strong></span> <span class='ocrx_word' id='word_1_72' title='bbox 187 1387 358 1472; x_wconf 73' lang='grc' dir='ltr'><strong><em>ἐχομένους</em></strong></span> <span class='ocrx_word' id='word_1_73' title='bbox 370 1389 430 1454; x_wconf 84' lang='grc' dir='ltr'>τοῦ</span> <span class='ocrx_word' id='word_1_74' title='bbox 444 1387 618 1474; x_wconf 75' lang='grc' dir='ltr'><strong><em>πληγέντος</em></strong></span> <span class='ocrx_word' id='word_1_75' title='bbox 634 1383 666 1451; x_wconf 80' lang='grc' dir='ltr'><strong><em>ἐν</em></strong></span> <span class='ocrx_word' id='word_1_76' title='bbox 680 1384 728 1469; x_wconf 78' lang='grc' dir='ltr'>τῷ</span> <span class='ocrx_word' id='word_1_77' title='bbox 748 1385 831 1466; x_wconf 72' lang='grc' dir='ltr'><strong><em>βοᾶν</em></strong></span> <span class='ocrx_word' id='word_1_78' title='bbox 852 1384 1041 1473; x_wconf 76' lang='grc' dir='ltr'><strong><em>διατρίβειν,</em></strong></span> <span class='ocrx_word' id='word_1_79' title='bbox 1065 1375 1131 1450; x_wconf 73' lang='grc' dir='ltr'>ἀλλ’</span> 
     </span>
     <span class='ocr_line' id='line_1_11' title="bbox 98 1487 1134 1587; baseline -0.005 -22"><span class='ocrx_word' id='word_1_80' title='bbox 98 1492 149 1564; x_wconf 69' lang='lat' dir='ltr'>olel</span> <span class='ocrx_word' id='word_1_81' title='bbox 170 1497 294 1578; x_wconf 79' lang='grc' dir='ltr'><strong><em>ἐθίζειν</em></strong></span> <span class='ocrx_word' id='word_1_82' title='bbox 306 1493 362 1587; x_wconf 77' lang='grc' dir='ltr'><strong><em>τήν</em></strong></span> <span class='ocrx_word' id='word_1_83' title='bbox 376 1491 484 1587; x_wconf 67' lang='grc' dir='ltr'><strong><em>ψυχήν</em></strong></span> <span class='ocrx_word' id='word_1_84' title='bbox 498 1491 549 1563; x_wconf 80' lang='grc' dir='ltr'>ὅτι</span> <span class='ocrx_word' id='word_1_85' title='bbox 570 1487 706 1580; x_wconf 81' lang='grc' dir='ltr'><strong><em>τάχιστα</em></strong></span> <span class='ocrx_word' id='word_1_86' title='bbox 727 1495 895 1581; x_wconf 76' lang='grc' dir='ltr'><strong><em>γίγνεσθαι</em></strong></span> <span class='ocrx_word' id='word_1_87' title='bbox 915 1488 1002 1584; x_wconf 79' lang='grc' dir='ltr'><strong><em>πρὸς</em></strong></span> <span class='ocrx_word' id='word_1_88' title='bbox 1022 1488 1061 1562; x_wconf 77' lang='grc' dir='ltr'>τὸ</span> <span class='ocrx_word' id='word_1_89' title='bbox 1084 1493 1134 1561; x_wconf 81' lang='grc' dir='ltr'><strong><em>ι’ἇ-</em></strong></span> 
     </span>
     <span class='ocr_line' id='line_1_12' title="bbox 99 1596 1132 1703; baseline -0.003 -28"><span class='ocrx_word' id='word_1_90' title='bbox 99 1609 183 1676; x_wconf 91' lang='grc' dir='ltr'><strong><em>σθαί</em></strong></span> <span class='ocrx_word' id='word_1_91' title='bbox 202 1631 239 1675; x_wconf 87' lang='grc' dir='ltr'>τε</span> <span class='ocrx_word' id='word_1_92' title='bbox 261 1608 315 1673; x_wconf 80' lang='grc' dir='ltr'>καί</span> <span class='ocrx_word' id='word_1_93' title='bbox 337 1607 543 1696; x_wconf 72' lang='grc' dir='ltr'><strong><em>ἐπανορθοῦν</em></strong></span> <span class='ocrx_word' id='word_1_94' title='bbox 563 1604 602 1673; x_wconf 81' lang='grc' dir='ltr'>τό</span> <span class='ocrx_word' id='word_1_95' title='bbox 624 1596 726 1670; x_wconf 81' lang='grc' dir='ltr'><strong><em>πεσόν</em></strong></span> <span class='ocrx_word' id='word_1_96' title='bbox 757 1629 793 1670; x_wconf 85' lang='grc' dir='ltr'>τε</span> <span class='ocrx_word' id='word_1_97' title='bbox 814 1605 867 1670; x_wconf 85' lang='grc' dir='ltr'>καί</span> <span class='ocrx_word' id='word_1_98' title='bbox 896 1606 1049 1693; x_wconf 80' lang='grc' dir='ltr'><strong><em>νοσῆσαν,</em></strong></span> <span class='ocrx_word' id='word_1_99' title='bbox 1083 1607 1132 1703; x_wconf 81' lang='grc' dir='ltr'>ία-</span> 
     </span>
     <span class='ocr_line' id='line_1_13' title="bbox 96 1710 1134 1808; baseline 0.002 -25"><span class='ocrx_word' id='word_1_100' title='bbox 96 1720 189 1808; x_wconf 78' lang='grc' dir='ltr'><strong><em>τρινῇ</em></strong></span> <span class='ocrx_word' id='word_1_101' title='bbox 209 1712 266 1808; x_wconf 67' lang='grc' dir='ltr'><strong><em>τήν</em></strong></span> <span class='ocrx_word' id='word_1_102' title='bbox 287 1718 475 1807; x_wconf 74' lang='grc' dir='ltr'><strong><em>θρηνῳδίαν</em></strong></span> <span class='ocrx_word' id='word_1_103' title='bbox 489 1710 731 1808; x_wconf 52' lang='lat' dir='ltr'>decollantes)</span> <span class='ocrx_word' id='word_1_104' title='bbox 757 1722 794 1785; x_wconf 86' lang='lat' dir='ltr'>Ei</span> <span class='ocrx_word' id='word_1_105' title='bbox 816 1721 926 1806; x_wconf 84' lang='lat' dir='ltr'>igitur,</span> <span class='ocrx_word' id='word_1_106' title='bbox 947 1722 1003 1806; x_wconf 89' lang='lat' dir='ltr'>qui</span> <span class='ocrx_word' id='word_1_107' title='bbox 1022 1719 1134 1785; x_wconf 90' lang='lat' dir='ltr'>dolore</span> 
     </span>
     <span class='ocr_line' id='line_1_14' title="bbox 98 1832 1134 1921; baseline 0.001 -23"><span class='ocrx_word' id='word_1_108' title='bbox 98 1835 272 1915; x_wconf 86' lang='lat' dir='ltr'>cruciatur,</span> <span class='ocrx_word' id='word_1_109' title='bbox 292 1832 507 1919; x_wconf 88' lang='lat' dir='ltr'>reputandum</span> <span class='ocrx_word' id='word_1_110' title='bbox 529 1845 592 1913; x_wconf 85' lang='lat' dir='ltr'>est,</span> <span class='ocrx_word' id='word_1_111' title='bbox 626 1856 723 1920; x_wconf 87' lang='lat' dir='ltr'>quam</span> <span class='ocrx_word' id='word_1_112' title='bbox 751 1856 866 1921; x_wconf 84' lang='lat' dir='ltr'>parrae</span> <span class='ocrx_word' id='word_1_113' title='bbox 893 1856 990 1920; x_wconf 89' lang='lat' dir='ltr'>quarn</span> <span class='ocrx_word' id='word_1_114' title='bbox 1011 1833 1134 1899; x_wconf 83' lang='lat' dir='ltr'>nullius</span> 
     </span>
     <span class='ocr_line' id='line_1_15' title="bbox 97 1948 1133 2033; baseline 0 -21"><span class='ocrx_word' id='word_1_115' title='bbox 97 1949 159 2012; x_wconf 91' lang='lat' dir='ltr'>sint</span> <span class='ocrx_word' id='word_1_116' title='bbox 176 1949 328 2012; x_wconf 82' lang='lat' dir='ltr'><strong>momenti</strong></span> <span class='ocrx_word' id='word_1_117' title='bbox 350 1969 399 2012; x_wconf 88' lang='lat' dir='ltr'>res</span> <span class='ocrx_word' id='word_1_118' title='bbox 417 1948 591 2026; x_wconf 87' lang='lat' dir='ltr'>humanae,</span> <span class='ocrx_word' id='word_1_119' title='bbox 612 1958 774 2013; x_wconf 72' lang='lat' dir='ltr'>utrarum</span> <span class='ocrx_word' id='word_1_120' title='bbox 791 1959 822 2012; x_wconf 85' lang='lat' dir='ltr'>et</span> <span class='ocrx_word' id='word_1_121' title='bbox 845 1948 1133 2033; x_wconf 86' lang='lat' dir='ltr'>comparandarum</span> 
     </span>
     <span class='ocr_line' id='line_1_16' title="bbox 97 2041 1131 2147; baseline 0.003 -22"><span class='ocrx_word' id='word_1_122' title='bbox 97 2061 238 2125; x_wconf 86' lang='lat' dir='ltr'>studium</span> <span class='ocrx_word' id='word_1_123' title='bbox 275 2072 306 2123; x_wconf 89' lang='lat' dir='ltr'>et</span> <span class='ocrx_word' id='word_1_124' title='bbox 332 2059 527 2124; x_wconf 88' lang='lat' dir='ltr'>desiderium</span> <span class='ocrx_word' id='word_1_125' title='bbox 561 2062 748 2126; x_wconf 89' lang='lat' dir='ltr'>amissarum</span> <span class='ocrx_word' id='word_1_126' title='bbox 779 2062 875 2147; x_wconf 87' lang='lat' dir='ltr'>plane</span> <span class='ocrx_word' id='word_1_127' title='bbox 909 2041 950 2125; x_wconf 80' lang='lat' dir='ltr'>sit</span> <span class='ocrx_word' id='word_1_128' title='bbox 976 2063 1131 2147; x_wconf 81' lang='lat' dir='ltr'>ineptum</span> 
     </span>
     <span class='ocr_line' id='line_1_17' title="bbox 96 2163 1133 2264; baseline 0 -24"><span class='ocrx_word' id='word_1_129' title='bbox 96 2177 264 2240; x_wconf 88' lang='lat' dir='ltr'>Praeterea</span> <span class='ocrx_word' id='word_1_130' title='bbox 290 2173 412 2239; x_wconf 91' lang='lat' dir='ltr'>homini</span> <span class='ocrx_word' id='word_1_131' title='bbox 438 2185 503 2238; x_wconf 88' lang='lat' dir='ltr'>non</span> <span class='ocrx_word' id='word_1_132' title='bbox 526 2175 648 2261; x_wconf 86' lang='lat' dir='ltr'>liquet,</span> <span class='ocrx_word' id='word_1_133' title='bbox 678 2175 797 2264; x_wconf 84' lang='lat' dir='ltr'>bonine</span> <span class='ocrx_word' id='word_1_134' title='bbox 821 2198 863 2240; x_wconf 89' lang='lat' dir='ltr'>an</span> <span class='ocrx_word' id='word_1_135' title='bbox 882 2177 959 2239; x_wconf 89' lang='lat' dir='ltr'>mali</span> <span class='ocrx_word' id='word_1_136' title='bbox 981 2163 1133 2260; x_wconf 56' lang='grc' dir='ltr'>ραίδίιι*</span> 
     </span>
     <span class='ocr_line' id='line_1_18' title="bbox 95 2288 1132 2374; baseline -0.001 -21"><span class='ocrx_word' id='word_1_137' title='bbox 95 2290 135 2353; x_wconf 88' lang='lat' dir='ltr'>sit</span> <span class='ocrx_word' id='word_1_138' title='bbox 165 2290 221 2367; x_wconf 88' lang='lat' dir='ltr'>iis,</span> <span class='ocrx_word' id='word_1_139' title='bbox 259 2310 342 2374; x_wconf 85' lang='lat' dir='ltr'>quae</span> <span class='ocrx_word' id='word_1_140' title='bbox 378 2288 584 2367; x_wconf 85' lang='lat' dir='ltr'>acciderunt,</span> <span class='ocrx_word' id='word_1_141' title='bbox 623 2310 725 2374; x_wconf 92' lang='lat' dir='ltr'>quum</span> <span class='ocrx_word' id='word_1_142' title='bbox 755 2291 881 2374; x_wconf 86' lang='lat' dir='ltr'>saepius</span> <span class='ocrx_word' id='word_1_143' title='bbox 909 2290 1010 2352; x_wconf 86' lang='lat' dir='ltr'>multa</span> <span class='ocrx_word' id='word_1_144' title='bbox 1042 2289 1132 2352; x_wconf 90' lang='lat' dir='ltr'>nobis</span> 
     </span>
     <span class='ocr_line' id='line_1_19' title="bbox 96 2400 1132 2488; baseline -0.001 -22"><span class='ocrx_word' id='word_1_145' title='bbox 96 2403 198 2486; x_wconf 90' lang='lat' dir='ltr'>primo</span> <span class='ocrx_word' id='word_1_146' title='bbox 219 2401 386 2466; x_wconf 83' lang='lat' dir='ltr'>videantur</span> <span class='ocrx_word' id='word_1_147' title='bbox 414 2423 480 2465; x_wconf 89' lang='lat' dir='ltr'>esse</span> <span class='ocrx_word' id='word_1_148' title='bbox 512 2403 647 2465; x_wconf 78' lang='lat' dir='ltr'>maxima</span> <span class='ocrx_word' id='word_1_149' title='bbox 679 2401 779 2480; x_wconf 86' lang='lat' dir='ltr'>mala,</span> <span class='ocrx_word' id='word_1_150' title='bbox 808 2424 891 2488; x_wconf 88' lang='lat' dir='ltr'>quae</span> <span class='ocrx_word' id='word_1_151' title='bbox 923 2400 1039 2464; x_wconf 90' lang='lat' dir='ltr'>deinde</span> <span class='ocrx_word' id='word_1_152' title='bbox 1071 2424 1132 2465; x_wconf 91' lang='lat' dir='ltr'>no-</span> 
     </span>
     <span class='ocr_line' id='line_1_20' title="bbox 96 2513 1132 2600; baseline 0.002 -23"><span class='ocrx_word' id='word_1_153' title='bbox 96 2527 191 2579; x_wconf 84' lang='lat' dir='ltr'>stram</span> <span class='ocrx_word' id='word_1_154' title='bbox 223 2516 344 2579; x_wconf 84' lang='lat' dir='ltr'>auxisse</span> <span class='ocrx_word' id='word_1_155' title='bbox 371 2515 559 2579; x_wconf 77' lang='lat' dir='ltr'>felicitatem</span> <span class='ocrx_word' id='word_1_156' title='bbox 589 2517 782 2600; x_wconf 82' lang='lat' dir='ltr'>experimur.</span> <span class='ocrx_word' id='word_1_157' title='bbox 845 2517 974 2580; x_wconf 88' lang='lat' dir='ltr'>Minime</span> <span class='ocrx_word' id='word_1_158' title='bbox 1008 2513 1132 2580; x_wconf 87' lang='lat' dir='ltr'>idcirco</span> 
     </span>
     <span class='ocr_line' id='line_1_21' title="bbox 95 2627 1132 2715; baseline 0.001 -24"><span class='ocrx_word' id='word_1_159' title='bbox 95 2628 328 2715; x_wconf 80' lang='lat' dir='ltr'>indulgendum</span> <span class='ocrx_word' id='word_1_160' title='bbox 358 2640 404 2692; x_wconf 91' lang='lat' dir='ltr'>est</span> <span class='ocrx_word' id='word_1_161' title='bbox 436 2629 539 2693; x_wconf 91' lang='lat' dir='ltr'>dolori</span> <span class='ocrx_word' id='word_1_162' title='bbox 569 2629 624 2697; x_wconf 86' lang='lat' dir='ltr'>sed</span> <span class='ocrx_word' id='word_1_163' title='bbox 656 2630 781 2694; x_wconf 84' lang='lat' dir='ltr'>fortiter</span> <span class='ocrx_word' id='word_1_164' title='bbox 807 2631 869 2714; x_wconf 90' lang='lat' dir='ltr'>ipsi</span> <span class='ocrx_word' id='word_1_165' title='bbox 899 2627 1132 2708; x_wconf 84' lang='lat' dir='ltr'>resistendum,</span> 
     </span>
     <span class='ocr_line' id='line_1_22' title="bbox 95 2743 1215 2830; baseline 0.001 -24"><span class='ocrx_word' id='word_1_166' title='bbox 95 2764 197 2827; x_wconf 91' lang='lat' dir='ltr'>quum</span> <span class='ocrx_word' id='word_1_167' title='bbox 216 2743 376 2830; x_wconf 60' lang='lat' dir='ltr'>lacrimis,</span> <span class='ocrx_word' id='word_1_168' title='bbox 406 2744 538 2828; x_wconf 88' lang='lat' dir='ltr'>planctu</span> <span class='ocrx_word' id='word_1_169' title='bbox 563 2756 594 2807; x_wconf 90' lang='lat' dir='ltr'>et</span> <span class='ocrx_word' id='word_1_170' title='bbox 620 2743 847 2808; x_wconf 84' lang='lat' dir='ltr'>lamentatione</span> <span class='ocrx_word' id='word_1_171' title='bbox 869 2743 950 2808; x_wconf 92' lang='lat' dir='ltr'>nihil</span> <span class='ocrx_word' id='word_1_172' title='bbox 980 2743 1132 2828; x_wconf 86' lang='lat' dir='ltr'>proficia—</span> <span class='ocrx_word' id='word_1_173' title='bbox 1212 2755 1215 2761; x_wconf 85' lang='lat'>&#39;</span> 
     </span>
     <span class='ocr_line' id='line_1_23' title="bbox 94 2856 1131 2938; baseline 0.003 -20"><span class='ocrx_word' id='word_1_174' title='bbox 94 2878 176 2935; x_wconf 86' lang='lat' dir='ltr'>mus,</span> <span class='ocrx_word' id='word_1_175' title='bbox 202 2856 256 2920; x_wconf 87' lang='lat' dir='ltr'>sed</span> <span class='ocrx_word' id='word_1_176' title='bbox 278 2859 516 2934; x_wconf 77' lang='lat' dir='ltr'>contraanimo</span> <span class='ocrx_word' id='word_1_177' title='bbox 543 2879 713 2920; x_wconf 84' lang='lat' dir='ltr'>noceamus</span> <span class='ocrx_word' id='word_1_178' title='bbox 732 2879 770 2921; x_wconf 91' lang='lat' dir='ltr'>ac</span> <span class='ocrx_word' id='word_1_179' title='bbox 793 2859 949 2920; x_wconf 88' lang='lat' dir='ltr'>rationem</span> <span class='ocrx_word' id='word_1_180' title='bbox 976 2857 1131 2938; x_wconf 63' lang='lat' dir='ltr'>subjicia-</span> 
     </span>
     <span class='ocr_line' id='line_1_24' title="bbox 94 2969 1132 3056; baseline 0.001 -23"><span class='ocrx_word' id='word_1_181' title='bbox 94 2990 163 3033; x_wconf 88' lang='lat' dir='ltr'>mus</span> <span class='ocrx_word' id='word_1_182' title='bbox 183 2970 423 3054; x_wconf 81' lang='lat' dir='ltr'>cupiditatihus.</span> <span class='ocrx_word' id='word_1_183' title='bbox 448 2971 560 3056; x_wconf 88' lang='lat' dir='ltr'>Neque</span> <span class='ocrx_word' id='word_1_184' title='bbox 580 2971 674 3034; x_wconf 86' lang='lat' dir='ltr'>etiam</span> <span class='ocrx_word' id='word_1_185' title='bbox 694 2972 785 3034; x_wconf 92' lang='lat' dir='ltr'>nimis</span> <span class='ocrx_word' id='word_1_186' title='bbox 807 2969 999 3056; x_wconf 88' lang='lat' dir='ltr'>plorandum</span> <span class='ocrx_word' id='word_1_187' title='bbox 1019 2982 1084 3050; x_wconf 86' lang='lat' dir='ltr'>est,</span> <span class='ocrx_word' id='word_1_188' title='bbox 1105 2973 1132 3035; x_wconf 82' lang='lat' dir='ltr'>si</span> 
     </span>
     <span class='ocr_line' id='line_1_25' title="bbox 95 3085 1131 3170; baseline 0.002 -24"><span class='ocrx_word' id='word_1_189' title='bbox 95 3105 192 3168; x_wconf 90' lang='lat' dir='ltr'>quern</span> <span class='ocrx_word' id='word_1_190' title='bbox 216 3106 253 3148; x_wconf 81' lang='lat' dir='ltr'>es</span> <span class='ocrx_word' id='word_1_191' title='bbox 282 3086 391 3148; x_wconf 89' lang='lat' dir='ltr'>amicis</span> <span class='ocrx_word' id='word_1_192' title='bbox 417 3085 468 3146; x_wconf 85' lang='lat' dir='ltr'>vel</span> <span class='ocrx_word' id='word_1_193' title='bbox 498 3087 640 3170; x_wconf 86' lang='lat' dir='ltr'>cognatis</span> <span class='ocrx_word' id='word_1_194' title='bbox 673 3085 902 3168; x_wconf 53' lang='lat' dir='ltr'>amiserimus„</span> <span class='ocrx_word' id='word_1_195' title='bbox 917 3105 1018 3169; x_wconf 90' lang='lat' dir='ltr'>quum</span> <span class='ocrx_word' id='word_1_196' title='bbox 1047 3105 1131 3148; x_wconf 89' lang='lat' dir='ltr'>mors</span> 
     </span>
     <span class='ocr_line' id='line_1_26' title="bbox 94 3180 1130 3289; baseline 0.003 -29"><span class='ocrx_word' id='word_1_197' title='bbox 94 3198 199 3282; x_wconf 91' lang='lat' dir='ltr'>potius</span> <span class='ocrx_word' id='word_1_198' title='bbox 225 3197 346 3262; x_wconf 89' lang='lat' dir='ltr'>bonum</span> <span class='ocrx_word' id='word_1_199' title='bbox 376 3180 473 3284; x_wconf 86' lang='lat' dir='ltr'>quam</span> <span class='ocrx_word' id='word_1_200' title='bbox 499 3200 617 3262; x_wconf 88' lang='lat' dir='ltr'>malum</span> <span class='ocrx_word' id='word_1_201' title='bbox 637 3201 677 3263; x_wconf 89' lang='lat' dir='ltr'>sit</span> <span class='ocrx_word' id='word_1_202' title='bbox 698 3197 888 3278; x_wconf 83' lang='lat' dir='ltr'>dicendum,</span> <span class='ocrx_word' id='word_1_203' title='bbox 907 3199 1030 3289; x_wconf 29' lang='lat' dir='ltr'>&#39;quippe</span> <span class='ocrx_word' id='word_1_204' title='bbox 1048 3221 1130 3285; x_wconf 89' lang='lat' dir='ltr'>quae</span> 
     </span>
     <span class='ocr_line' id='line_1_27' title="bbox 94 3309 1130 3389; baseline 0.003 -15"><span class='ocrx_word' id='word_1_205' title='bbox 94 3309 256 3375; x_wconf 89' lang='lat' dir='ltr'>hominem</span> <span class='ocrx_word' id='word_1_206' title='bbox 281 3334 314 3381; x_wconf 63' lang='lat' dir='ltr'>a„</span> <span class='ocrx_word' id='word_1_207' title='bbox 328 3313 411 3375; x_wconf 85' lang='lat' dir='ltr'>vitae</span> <span class='ocrx_word' id='word_1_208' title='bbox 432 3313 584 3377; x_wconf 91' lang='lat' dir='ltr'>molestiis</span> <span class='ocrx_word' id='word_1_209' title='bbox 606 3313 795 3389; x_wconf 82' lang='lat' dir='ltr'>liberatum,</span> <span class='ocrx_word' id='word_1_210' title='bbox 828 3313 869 3377; x_wconf 86' lang='lat' dir='ltr'>ad</span> <span class='ocrx_word' id='word_1_211' title='bbox 887 3313 1026 3376; x_wconf 89' lang='lat' dir='ltr'>Deorum</span> <span class='ocrx_word' id='word_1_212' title='bbox 1049 3335 1130 3377; x_wconf 64' lang='lat' dir='ltr'>con*</span> 
     </span>
     <span class='ocr_line' id='line_1_28' title="bbox 94 3425 1130 3510; baseline 0.002 -23"><span class='ocrx_word' id='word_1_213' title='bbox 94 3426 226 3488; x_wconf 85' lang='lat' dir='ltr'>sortium</span> <span class='ocrx_word' id='word_1_214' title='bbox 250 3425 377 3492; x_wconf 89' lang='lat' dir='ltr'>educat.</span> <span class='ocrx_word' id='word_1_215' title='bbox 420 3426 582 3508; x_wconf 83' lang='lat' dir='ltr'>Quamdiu</span> <span class='ocrx_word' id='word_1_216' title='bbox 601 3427 686 3489; x_wconf 90' lang='lat' dir='ltr'>enim</span> <span class='ocrx_word' id='word_1_217' title='bbox 718 3429 841 3491; x_wconf 86' lang='lat' dir='ltr'>animus</span> <span class='ocrx_word' id='word_1_218' title='bbox 860 3427 894 3488; x_wconf 96' lang='lat' dir='ltr'>in</span> <span class='ocrx_word' id='word_1_219' title='bbox 924 3447 1058 3510; x_wconf 90' lang='lat' dir='ltr'>corpore</span> <span class='ocrx_word' id='word_1_220' title='bbox 1083 3437 1130 3489; x_wconf 88' lang='lat' dir='ltr'>est</span> 
     </span>
     <span class='ocr_line' id='line_1_29' title="bbox 93 3538 1129 3626; baseline 0.003 -26"><span class='ocrx_word' id='word_1_221' title='bbox 93 3538 252 3616; x_wconf 79' lang='lat' dir='ltr'>inclusae,</span> <span class='ocrx_word' id='word_1_222' title='bbox 274 3561 383 3607; x_wconf 77' lang='lat' dir='ltr'>,veram</span> <span class='ocrx_word' id='word_1_223' title='bbox 405 3542 505 3625; x_wconf 89' lang='lat' dir='ltr'>ipsius</span> <span class='ocrx_word' id='word_1_224' title='bbox 524 3552 670 3604; x_wconf 88' lang='lat' dir='ltr'>naturam</span> <span class='ocrx_word' id='word_1_225' title='bbox 689 3563 753 3605; x_wconf 92' lang='lat' dir='ltr'>non</span> <span class='ocrx_word' id='word_1_226' title='bbox 771 3541 999 3626; x_wconf 86' lang='lat' dir='ltr'>perspicimus,</span> <span class='ocrx_word' id='word_1_227' title='bbox 1029 3561 1129 3625; x_wconf 93' lang='lat' dir='ltr'>quum</span> 
     </span>
     <span class='ocr_line' id='line_1_30' title="bbox 92 3650 1129 3741; baseline 0.002 -28"><span class='ocrx_word' id='word_1_228' title='bbox 92 3650 207 3716; x_wconf 86' lang='lat' dir='ltr'>Glauci</span> <span class='ocrx_word' id='word_1_229' title='bbox 226 3653 340 3716; x_wconf 87' lang='lat' dir='ltr'>marini</span> <span class='ocrx_word' id='word_1_230' title='bbox 358 3655 456 3717; x_wconf 81' lang='lat' dir='ltr'>instar</span> <span class='ocrx_word' id='word_1_231' title='bbox 483 3654 628 3718; x_wconf 92' lang='lat' dir='ltr'>sordibus</span> <span class='ocrx_word' id='word_1_232' title='bbox 650 3677 687 3718; x_wconf 88' lang='lat' dir='ltr'>ae</span> <span class='ocrx_word' id='word_1_233' title='bbox 714 3655 862 3741; x_wconf 87' lang='lat' dir='ltr'>squalore</span> <span class='ocrx_word' id='word_1_234' title='bbox 881 3656 920 3717; x_wconf 89' lang='lat' dir='ltr'>sit</span> <span class='ocrx_word' id='word_1_235' title='bbox 937 3654 1073 3716; x_wconf 82' lang='lat' dir='ltr'>obsitus:</span> <span class='ocrx_word' id='word_1_236' title='bbox 1097 3663 1129 3715; x_wconf 85' lang='lat' dir='ltr'>at</span> 
     </span>
     <span class='ocr_line' id='line_1_31' title="bbox 32 3765 1128 3853; baseline 0.004 -29"><span class='ocrx_word' id='word_1_237' title='bbox 32 3768 33 3772; x_wconf 75' lang='grc'>’</span> <span class='ocrx_word' id='word_1_238' title='bbox 92 3784 166 3827; x_wconf 85' lang='lat' dir='ltr'>vero</span> <span class='ocrx_word' id='word_1_239' title='bbox 184 3765 241 3828; x_wconf 91' lang='lat' dir='ltr'>ubi</span> <span class='ocrx_word' id='word_1_240' title='bbox 260 3778 482 3850; x_wconf 87' lang='lat' dir='ltr'>postmortem</span> <span class='ocrx_word' id='word_1_241' title='bbox 509 3771 651 3853; x_wconf 88' lang='lat' dir='ltr'>corporis</span> <span class='ocrx_word' id='word_1_242' title='bbox 673 3769 849 3834; x_wconf 87' lang='lat' dir='ltr'>custodiam</span> <span class='ocrx_word' id='word_1_243' title='bbox 868 3768 994 3853; x_wconf 85' lang='lat' dir='ltr'>aufugit</span> <span class='ocrx_word' id='word_1_244' title='bbox 1013 3767 1128 3850; x_wconf 91' lang='lat' dir='ltr'>suique</span> 
     </span>
    </p>
   </div>
   <div class='ocr_carea' id='block_1_3' title="bbox 92 3949 299 3961">
    <p class='ocr_par' dir='ltr' id='par_1_3' title="bbox 92 3949 299 3961">
     <span class='ocr_line' id='line_1_32' title="bbox 92 3949 299 3961; baseline 0.01 -2"><span class='ocrx_word' id='word_1_245' title='bbox 92 3949 299 3961; x_wconf 74' lang='lat' dir='ltr'>..n-—</span> 
     </span>
    </p>
   </div>
   <div class='ocr_carea' id='block_1_4' title="bbox 127 4036 599 4107">
    <p class='ocr_par' dir='ltr' id='par_1_4' title="bbox 127 4036 599 4107">
     <span class='ocr_line' id='line_1_33' title="bbox 127 4036 599 4107; baseline 0.013 -19"><span class='ocrx_word' id='word_1_246' title='bbox 127 4036 599 4107; x_wconf 51' lang='grc' dir='ltr'>ιηαιινιαιπμσσιε.Χ</span> 
     </span>
    </p>
   </div>
   <div class='ocr_carea' id='block_1_5' title="bbox 0 0 1328 4844">
    <p class='ocr_par' dir='ltr' id='par_1_5' title="bbox 0 0 1328 4844">
     <span class='ocr_line' id='line_1_34' title="bbox 0 0 1328 4844; baseline 0 1"><span class='ocrx_word' id='word_1_247' title='bbox 0 0 1328 4844; x_wconf 95' lang='lat' dir='ltr'> </span> 
     </span>
    </p>
   </div>
  </div>
 </body>
</html>
