2648 4844
625 320 685 381 127

139 499 255 564 videat.
307 499 387 562 Sunt
414 500 516 577 euim,
552 520 631 584 quos
659 501 738 564 ratio
765 502 808 562 ita
836 499 940 578 ducit,
974 511 1010 563 ut
1033 501 1176 565 dolorem
1232 503 1235 509 '

139 624 263 677 tantum
282 612 439 689 sentiant,
465 634 527 674 uon
556 634 631 676 vero
659 610 807 697 opinione
835 624 988 698 augeant:
1013 615 1097 700 apud
1119 617 1176 679 hos

139 729 239 813 igitur
261 725 365 790 officio
387 747 443 788 suo
461 725 655 810 defungetur
675 727 871 805 consolator,
896 729 921 791 si
937 749 1063 795 sensum
1084 730 1177 792 illum

140 839 339 917 sermonibus
356 841 419 902 suis
436 840 577 917 minuat,
603 861 704 925 quum
719 840 791 918 alii,
810 861 947 926 qnorum
962 842 1086 910 luctum
1104 865 1176 928 per·
1254 918 1257 925 Ι

139 966 236 1042 petua
258 954 502 1038 mali'eogitatio
523 954 627 1031 auxit,
652 963 688 1016 ut
713 954 833 1024 malum
854 955 903 1018 vix
925 952 1092 1019 ferendum
1113 955 1177 1019 exi-

141 1071 287 1147 stiment,
322 1068 365 1130 ita
392 1069 453 1130 sint
473 1066 624 1145 sanandi,
649 1079 685 1131 ut
708 1069 796 1151 prins
817 1069 854 1130 iis
876 1066 1084 1132 detrahantur
1106 1071 1178 1154 opi-

142 1185 271 1261 niones,
296 1201 393 1267 quam
414 1181 474 1264 ipsi
490 1178 594 1243 dolori
612 1179 787 1243 remedium
809 1179 1008 1262 adhiheaturss
1043 1181 1176 1267 ltaque,

142 1318 207 1382 quo
230 1295 411 1359 accuratius
436 1292 561 1377 singula
587 1292 804 1376 dijudicemus·
818 1293 1080 1379 philosophorum
1101 1316 1178 1358 con·

142 1409 264 1472 solandi
295 1416 503 1492 argumenta,
538 1417 712 1492 utrumque
747 1405 810 1470 hoc
841 1407 1031 1471 consolantis
1063 1429 1177 1471 munus

143 1520 376 1607 respiciendum
405 1520 547 1598 videtur,
582 1532 618 1583 ut
641 1521 779 1604 primurn
803 1542 854 1584 eas
872 1522 1011 1598 rationes
1032 1521 1179 1585 attenda-

142 1658 234 1729 mus,
260 1635 376 1721 quibus
403 1635 537 1698 nimium
558 1634 671 1696 tollere
692 1634 836 1711 luctum,
859 1635 923 1696 sive
948 1634 1179 1719 praejudicatas

142 1750 270 1813 auferre
300 1749 462 1833 opiniones
486 1747 698 1825 studuerunt,
717 1758 790 1842 ‘tum
811 1769 885 1810 vero
906 1746 1118 1833 disquiramus
1134 1747 1179 1811 ‘de

144 1865 286 1940 ratione,
312 1883 374 1947 qua
397 1860 534 1946 lugentis
554 1862 695 1923 animum
715 1863 838 1945 erigere
863 1871 894 1923 et
915 1882 1041 1925 sonsum
1058 1858 1179 1923 ‘doloris

143 1979 287 2040 minuere
306 1984 478 2038 tentarunt.
500 2051 504 2059 Ι
