2648 4844
651 304 694 365 66

151 483 191 546 de
210 483 336 544 fortuna
354 482 477 544 dotum
499 493 694 544 memoretur
713 483 754 543 ab
771 482 931 565 antiquis:
957 482 1127 565 Occupovr'
1142 494 1189 560 te,

145 595 316 681 fortune,
336 608 438 679 utque
458 597 546 676 cepi,
570 617 745 680 monesque
761 595 880 657 oditur
896 608 972 657 tuor
988 595 1191 674 interelues',

154 721 191 771 ut
216 707 262 770 od
286 730 337 770 me
360 708 544 791 adspirare
563 731 628 770 uon
648 730 769 791 posses.
783 705 808 792 ¹)

629 1004 647 1086 ς
680 1003 712 1063 7.

218 1191 405 1278 Diogenes,
429 1189 624 1268 Cleanthes,
660 1189 889 1273 Chrysippus,
914 1187 1124 1269 Panaetius,

465 1310 694 1387 Posidonius,
717 1308 877 1374 Galenus.

193 1551 309 1619 Veniat
337 1550 495 1636 Diogenes
523 1533 681 1636 Cynicus,
715 1551 771 1636 qui
793 1543 912 1612 libruin
943 1547 1022 1635 περὶ
1043 1537 1190 1616 Seuerou

147 1665 292 1750 scripsit,
326 1664 352 1726 si
379 1686 453 1727 vere
473 1664 502 1726 ei
522 1664 710 1728 tribuuntur
743 1663 880 1746 scripta,
912 1684 995 1749 quae
1021 1685 1040 1725 a
1063 1663 1189 1726 Laertio

146 1788 365 1842 recensentur.
378 1774 404 1861 ²)
429 1777 523 1839 Liber
540 1788 647 1840 autem
668 1777 741 1854 hic,
769 1787 805 1838 ut
818 1787 944 1839 caetera
964 1776 1031 1838 eius
1051 1778 1188 1860 scripta,

146 1890 242 1977 periit
263 1901 370 1967 totus,
400 1900 437 1952 ut
457 1889 537 1952 adeo
556 1911 595 1951 ne
622 1889 807 1971 conjectura
840 1889 924 1951 effici
955 1890 1072 1973 possit,
1105 1911 1189 1975 quae
1215 1888 1220 1896 ’

146 2005 215 2067 eius
236 2004 334 2065 suerit
363 2003 454 2066 ratio.
501 2003 613 2088 Neque
636 2003 750 2079 etiam,
783 2003 865 2086 quae
888 2001 983 2065 huius
1005 2001 1187 2087 philosophi

146 2113 409 2179 fueritdemorte
433 2114 596 2192 doctrina,
617 2115 801 2177 animumne
813 2115 981 2178 mortalem
993 2114 1125 2193 dixerit,
1147 2139 1187 2180 an

146 2239 217 2312 post
235 2238 369 2291 mortem
389 2237 512 2289 exstare
539 2237 570 2289 et
587 2228 693 2288 vivere
714 2229 892 2304 censuerit,
921 2240 1055 2293 constat.
1092 2229 1186 2310 Quod

144 2341 229 2403 enim
253 2340 321 2402 eius
349 2340 487 2404 refertur
518 2341 661 2419 dictum,
690 2341 747 2403 nu
768 2365 832 2405 suo
860 2345 1037 2420 iuteresse,
1068 2357 1187 2406 utrum

144 2453 366 2538 sepeliretur,
381 2429 430 2516 ¹ou
447 2445 467 2516 o
484 2453 581 2539 feris
601 2455 811 2533 laniaretur,
844 2459 966 2541 quippe
994 2456 1092 2518 uilu'l
1115 2481 1186 2519 seu-

146 2567 256 2628 tirio
276 2579 427 2646 mortuo,
450 2578 481 2629 et
503 2588 709 2650 responsum,
734 2568 821 2653 quod
844 2570 1076 2655 interroganti,
1101 2592 1186 2634 mors

146 2688 266 2741 essetne
284 2678 424 2758 malum,
445 2679 552 2743 dedit:
575 2681 734 2766 quomodo
750 2682 952 2760 maturuere,
972 2685 1070 2745 eui-us
1081 2707 1187 2768 proe-

143 2794 254 2853 sentis
278 2791 399 2854 uultus
429 2807 478 2856 est
504 2790 681 2880 seusue?³)
714 2794 754 2857 de
785 2816 921 2888 corpore
950 2817 1053 2881 acque
1080 2819 1118 2860 ac
1145 2797 1184 2859 de

142 2904 246 2967 animo
262 2905 367 2989 accipi
387 2918 530 2990 possunt.
555 2908 733 2988 Quocirca,
751 2920 788 2972 ut
809 2930 848 2970 ne
868 2909 1069 2989 conjiciendo
1091 2910 1184 2973 nimis

142 3038 258 3081 evoro
276 3019 481 3097 aberremus,
504 3019 566 3082 hoc
589 3022 701 3098 misso,
725 3020 765 3084 ad
786 3021 864 3084 alios
889 3044 1106 3108 properemus.

187 3129 233 3191 De
255 3131 370 3192 Stoicis
386 3128 487 3215 igitur
504 3131 683 3210 videamus,
705 3155 785 3218 quos
800 3157 994 3220 magnopere
1010 3137 1097 3200 hunc
1110 3137 1182 3222 phi-

142 3239 304 3323 losophiae
322 3241 446 3320 locum,
471 3244 527 3328 qui
546 3255 592 3307 est
615 3245 654 3308 de
676 3247 857 3310 auferendis
868 3247 1052 3327 doloribus,
1076 3250 1182 3334 expli-

143 3352 246 3416 cuisse
275 3354 430 3420 novimus.
476 3357 555 3422 Cum
584 3360 669 3422 euim
696 3359 791 3423 huius
822 3373 926 3424 sectae
959 3385 1074 3446 pareus
1094 3365 1181 3427 Zeno

177 3648 203 3714 1)
240 3650 293 3702 Cic.
316 3653 391 3701 Tuse.
409 3655 438 3711 Q.
458 3655 487 3704 V.
508 3654 532 3703 9.
553 3659 647 3705 Graece
663 3658 725 3705 huec
746 3661 868 3721 leguntur
881 3664 947 3724 apud
968 3664 1034 3710 Plut.
1049 3654 1116 3731 erpi
1131 3649 1180 3716 εὖ·

141 3732 257 3812 θυμίας
272 3761 297 3809 p.
317 3743 375 3794 476.
396 3745 424 3797 G.
1184 3788 1189 3797 .

176 3833 202 3898 2)
237 3837 308 3899 uiog.
323 3840 404 3890 Luert.
422 3839 517 3890 V1.80.
537 3841 575 3893 Cf.
592 3844 725 3907 Wyttenb.
743 3849 819 3911 Disp.
834 3849 865 3895 de
880 3864 920 3896 ou.
933 3851 1041 3897 imuwrt.
1060 3867 1085 3914 p.
1100 3849 1159 3916 618„

175 3926 202 3991 8)
236 3930 307 3992 Diog.
321 3933 401 3982 Laert.
418 3933 459 3984 vl.
479 3933 520 3985 68.
531 3943 558 3986 et
571 3936 624 3989 cie.
641 3941 716 3986 Tuse.
738 3941 767 3998 Q.
788 3940 806 3990 1.
822 3939 864 4003 43,
880 3958 944 4004 quos
960 3944 1045 3991 laudat
1059 3945 1179 4008 Wytten-

139 4021 245 4070 bachius
262 4023 279 4069 l.
292 4024 311 4072 l.
