2648 4844
576 322 636 383 163
711 313 714 321 ¹

84 498 264 584 sputatione
282 521 397 585 magna
413 500 462 562 illi
481 513 670 586 argumento
688 503 733 563 vis
754 501 943 568 detrahitur..
976 503 1118 582 Etenim,
1207 577 1213 588 ,

83 627 119 677 ut
136 613 195 690 illa,
211 614 311 676 oratio
323 635 378 676 nos
393 613 489 695 jubet
506 615 711 699 acquiescere
728 606 865 678 decretis
884 614 1016 692 divinis,
1038 639 1120 702 quae

82 728 165 789 mala
196 749 263 789 esse
293 740 479 811 nequeunt,
512 750 550 791 ac
577 729 696 792 laetitia
725 751 781 791 nos
808 729 922 808 afficit,
956 731 1043 814 quod
1071 753 1120 795 res

83 851 208 903 nostrae
239 863 256 902 a
289 840 394 904 divina
424 841 626 903 Providentia
655 841 834 925 pendeant,
871 863 955 926 quae
984 845 1121 907 consulit

83 954 193 1039 generi
215 953 371 1032 human03
397 955 440 1016 ita
462 953 542 1024 haec
571 954 610 1016 de
631 956 760 1017 fortuna
782 954 976 1038 disputatio,
998 969 1120 1019 metum

82 1067 183 1129 futuri
209 1067 375 1149 injiciens,
402 1067 560 1152 reliquam
590 1069 686 1131 vitam
703 1068 829 1151 placide
849 1090 944 1153 agere
966 1081 1067 1148 vetat,
1089 1081 1120 1133 et

81 1181 133 1243 rix
153 1182 329 1266 quicquam
350 1171 467 1260 babet,
493 1204 558 1267 quo
580 1183 683 1267 erigat
705 1180 843 1266 lugentis
866 1186 1007 1246 animum
1031 1205 1119 1246 eum-

82 1315 146 1378 que
171 1293 211 1356 ad
234 1295 352 1377 optima
375 1316 523 1380 quaeque
545 1295 693 1359 adducat.

125 1406 187 1469 Sed
218 1408 341 1470 etiarnsi
372 1408 467 1486 illae,
493 1431 572 1494 quas
594 1410 752 1487 diximus,
776 1410 959 1496 consolandi
981 1412 1119 1474 rationes

82 1543 238 1606 perquam
257 1522 397 1600 valeant,
423 1521 462 1584 ad
482 1544 609 1585 sensum
628 1523 746 1586 doloris
766 1524 992 1601 minuendum,
1018 1547 1119 1610 quum

83 1636 277 1698 contrarium
301 1637 330 1697 ei
354 1647 515 1719 opponant
539 1637 678 1699 laetitiae
705 1659 850 1700 sensum:
882 1651 989 1701 manet
1013 1649 1118 1701 tamen

79 1751 286 1832 animumque
303 1749 441 1834 lugentis
457 1751 602 1813 cruciare
619 1752 724 1835 pergit
741 1751 936 1814 desiderium
948 1752 1117 1816 illiusfeli-

81 1863 204 1941 citatis,
230 1864 322 1926 cuius
341 1875 433 1926 antea
454 1875 535 1926 esset
553 1865 733 1948 particeps,
760 1885 923 1949 quamque
948 1887 1034 1928 nunc
1056 1865 1116 1928 sibi

80 1979 224 2039 amissam
252 1976 369 2041 doleat.
405 1979 488 2041 Huic
514 1979 614 2063 igitur
632 1978 793 2041 desiderio
809 1979 1010 2057 satisfacere,
1032 2002 1116 2043 eam·
1184 1960 1186 1964 Α

79 2112 144 2174 que
166 2091 353 2154 felicitatem
370 2092 539 2154 restituere
556 2091 653 2155 debet
670 2094 714 2169 is,
746 2093 804 2177 qui
828 2095 1019 2156 consolantis
1041 2116 1116 2157 mu-

78 2224 154 2265 nere
184 2203 354 2289 fungitur,
386 2205 411 2267 si
444 2205 538 2288 plane
570 2206 634 2268 voti
668 2227 795 2289 compos
826 2206 895 2268 fieri
924 2228 962 2270 ac
989 2209 1115 2290 penitus

78 2317 216 2380 evellere
249 2318 392 2381 dolorem
424 2319 511 2382 velit.
565 2319 658 2400 Quod
689 2331 795 2383 tamen
828 2341 930 2404 quum
961 2320 1115 2385 humanas
1143 2369 1145 2374 -

78 2443 209 2514 superet
231 2432 330 2509 vires,
355 2445 522 2517 quumque
544 2434 664 2495 factum
684 2433 839 2495 infectum
859 2432 993 2495 reddere
1021 2456 1113 2497 nemo

76 2544 197 2622 valeat,
231 2545 293 2607 hoc
324 2547 577 2608 consolantiest
608 2546 766 2623 officium,
802 2558 837 2608 ut
870 2567 958 2630 spem
989 2548 1114 2632 lugenti

80 2669 254 2741 proponat,
268 2660 354 2736 fore,
377 2672 412 2722 ut
424 2655 533 2758 postea
545 2643 678 2722 eandem
695 2671 866 2743 recuperet
882 2659 1069 2723 felicitatem
1081 2672 1113 2722 et

76 2771 189 2834 amissa
202 2784 336 2856 repetat.
362 2776 448 2835 Haec
465 2774 548 2835 enim
562 2823 570 2849 ‚
592 2785 627 2835 ut
639 2775 768 2858 egregie
781 2774 968 2836 cecinerunt
980 2781 1110 2857 potitae,

76 2885 223 2948 omnibus
235 2887 324 2948 malis
336 2886 588 2970 irrumpentibus
599 2889 632 2948 in
645 2908 744 2971 genus
762 2886 953 2962 humanum,
967 2887 1032 2949 sola
1045 2910 1109 2950 ma·

77 2998 173 3061 nebat
185 2999 218 3060 in
229 2999 343 3084 pyxide
356 2999 538 3078 Pandorae,
560 3021 642 3084 quae
654 3001 792 3085 erigeret
803 2999 936 3062 afflictos
947 3048 955 3077 ‚
968 3000 1109 3062 animum

75 3111 166 3175 daret
183 3112 343 3193 demissis,
364 3115 589 3199 minueretque
608 3113 751 3177 dolores:
780 3113 860 3176 haec
879 3113 1027 3176 excitavit
1049 3114 1111 3175 So-

75 3237 213 3305 cratem,
227 3237 263 3289 ut
274 3249 379 3312 neque
391 3227 533 3291 animum
545 3227 773 3311 desponderet,
787 3249 887 3311 quum
898 3227 1003 3289 insons
1015 3225 1110 3289 morti

74 3339 279 3419 traderetur,
301 3362 406 3425 neque
428 3338 649 3403 reformidaret
672 3341 831 3415 cicutam,
850 3339 904 3401 sed
921 3338 1023 3401 laetus
1040 3360 1109 3400 eam
1183 3427 1188 3435 .

73 3454 218 3532 biberet,
242 3477 392 3538 speram,
417 3455 485 3517 fore
504 3465 539 3516 ut
560 3452 599 3516 ad
622 3453 769 3515 meliores
800 3455 981 3535 perveniret
1011 3451 1107 3514 Deos:

190 3602 261 3648 Haec
280 3604 357 3648 etiam
375 3602 464 3648 valida
481 3602 581 3648 sotatur
597 3599 711 3663 compede
729 3599 854 3660 vinctum,

190 3695 273 3745 Crura
291 3695 482 3756 ronantferro,
501 3695 547 3742 aed
564 3695 636 3741 canit
651 3695 721 3740 inter
738 3706 806 3758 opus.
820 3686 841 3750 ¹)

73 3863 131 3870 ...—

108 3955 133 4021 1)
170 3957 262 4008 Tibull.
283 3959 331 4018 lib.¹
352 3958 382 4009 11.
409 3959 478 4021 Eleg.
500 3958 516 4006 6
540 3972 575 4006 rs.
594 3954 635 4005 25.
661 3955 705 4005 off.
725 3954 756 4002 de
775 3954 824 4001 hoc
843 3951 940 4000 solandi
957 3965 1108 4017 argumento

10 4114 14 4123 ι
73 4053 137 4099 Feet.
158 4051 174 4098 1.
193 4052 209 4100 1.
223 4051 278 4100 Vol.
298 4052 314 4101 1.
333 4069 357 4118 p.
375 4051 408 4099 27
424 4069 494 4116 sqq,
512 4048 546 4097 62
561 4066 617 4112 cqq.
637 4049 735 4097 Ernesti
754 4046 771 4097 l.
785 4047 801 4094 1.
819 4062 844 4112 p.
861 4045 912 4094 169
930 4063 985 4112 aqq.

840 4135 876 4194 11
895 4183 901 4196 .
