2648 4844
698 333 717 376 1

184 517 248 557 non
263 516 409 578 prorsas
433 493 617 578 indignam
636 494 831 556 cohiberem.
866 496 1089 560 Dubitantem
1106 513 1218 561 antem

180 632 221 696 ds
245 645 465 719 argumento,
499 636 537 694 in
568 657 632 717 qno
666 636 755 694 oires
785 635 1103 720 quantulascunque
1131 662 1217 698 sosas

166 773 429 856 periclitarer,
468 770 618 834 advertit
650 794 701 833 ms
730 777 902 856 quaestio,
942 797 963 836 a
998 775 1216 838 nobilissima

172 911 352 1011 facultate
386 911 552 973 literaria
586 914 624 972 in
662 909 847 975 Academia
882 912 1217 998 lugduno-Batava

175 1052 374 1133 proposita,
407 1049 448 1111 de
475 1050 542 1113 loco
564 1050 802 1134 philosophiae
829 1052 991 1130 moralis,
1022 1057 1084 1137 qai
1109 1067 1158 1116 est
1179 1054 1217 1115 a'e

177 1190 422 1266 assumtione,
446 1204 484 1252 nt
517 1213 603 1274 qaas
627 1188 826 1272 philosophi
847 1193 989 1274 antiqui
1023 1188 1147 1253 Graeci
1172 1193 1219 1254 aa'

177 1327 395 1391 consolandos
415 1330 557 1390 miseros
573 1327 810 1390 adhibuissent
826 1331 995 1406 rationes,
1017 1330 1216 1415 colligeren-

179 1480 254 1543 tur,
265 1466 413 1552 quidque
430 1469 478 1529 iis
492 1479 575 1527 esset
587 1464 820 1543 tribuendam,
831 1465 1093 1550 disquireretur.
1119 1469 1216 1551 Quod

176 1619 427 1692 argumentum
452 1608 612 1668 continuo
630 1627 682 1666 me
698 1607 801 1687 cepit,
824 1617 946 1688 atque,
967 1619 1006 1667 at
1024 1609 1056 1668 ei
1072 1629 1112 1668 cr
1131 1610 1215 1668 oiri-

177 1745 238 1809 has
274 1744 524 1830 responderem,
557 1746 729 1805 incitavit,
784 1741 975 1806 Admodum
1005 1747 1096 1806 enim
1124 1745 1214 1806 mihi

174 1883 328 1968 placebat
363 1885 482 1958 ratio,
525 1903 591 1965 qna
626 1883 795 1964 optimam
837 1894 974 1965 patrem
1004 1887 1140 1965 saepias
1175 1884 1213 1945 do

174 2027 323 2108 antiqua
355 2021 574 2105 philosophia
599 2022 654 2082 ita
678 2018 900 2082 disserentem
923 2019 1141 2097 audiveram,
1174 2036 1209 2084 ut

103 2160 112 2175 ’
174 2175 260 2225 essct
299 2160 409 2223 oelati
426 2158 649 2260 'nomenato
680 2156 727 2219 ad
759 2159 997 2235 verissimam,
1045 2184 1110 2245 qna
1152 2185 1211 2222 nos

170 2300 400 2387 gandeamas‚
435 2298 648 2382 religionem.
696 2295 877 2382 «Religio,
901 2301 952 2359 sic
980 2300 1043 2361 ille
1068 2304 1106 2362 in
1138 2299 1211 2361 Ini-

176 2464 193 2500 o
205 2443 270 2503 tiis
299 2438 388 2522 phil.
422 2437 517 2500 Plat.
543 2439 696 2513 monuit,
722 2437 850 2522 religio
876 2437 969 2521 apud
992 2453 1116 2501 veteres
1146 2462 1209 2501 non

176 2578 358 2655 «hahebat,
390 2599 455 2661 qao
481 2576 630 2658 expleret
656 2575 844 2638 calliarum
869 2574 1044 2637 harainam
1068 2579 1208 2638 asn'mos.

176 2716 344 2779 «Poetica
378 2727 453 2776 erat
482 2727 514 2777 et
548 2726 623 2777 tota
654 2712 869 2797 referebatur
896 2712 943 2773 ad
966 2737 1084 2776 scruas
1109 2719 1208 2777 varia

175 2838 336 2918 «rosione
360 2850 560 2940 afficiendos.
616 2851 823 2915 Interiorem
847 2850 1041 2915 doctrinam
1064 2856 1209 2915 eontine-

174 2994 281 3057 «hant
305 2994 489 3074 mysteria,
513 2989 571 3051 sed
591 2992 666 3052 nisi
691 2993 770 3073 qais
792 2989 1012 3072 philosophia
1039 3006 1122 3055 esset
1146 2998 1207 3055 im-

174 3133 320 3208 «hatas,
342 3152 408 3192 nem
434 3127 585 3191 maltam
614 3149 695 3188 sane
717 3126 795 3188 inde
822 3124 983 3209 prsficere
1010 3142 1156 3210 poterat.
1175 3184 1205 3192 -

173 3266 429 3350 «Philosophia
454 3268 574 3352 igitur
599 3264 796 3327 cultissimo
821 3266 942 3348 artique
975 3267 1109 3331 homini
1133 3292 1206 3335 ma-

172 3410 292 3471 «.rimo
325 3418 399 3467 erat
432 3402 585 3478 colenda,
616 3404 740 3485 quippe
773 3402 846 3464 sola
872 3406 1029 3466 animam
1053 3408 1205 3470 imhaens

172 3544 351 3609 «sensibus
376 3542 577 3605 celsioribus
604 3553 636 3602 et
659 3543 795 3624 erigens
820 3540 988 3605 hominem
1003 3543 1050 3605 ad
1067 3543 1204 3607 divinae

171 3698 342 3747 «naturae
358 3680 615 3744 sublimitatem*
664 3676 902 3762 (tirasonam,
928 3692 965 3742 at
986 3682 1102 3742 instar
1117 3656 1202 3744 esset

169 3819 364 3884 ‹coeterihus
394 3817 581 3902 religionis
609 3817 737 3891 omnis,
767 3828 855 3878 certe
880 3837 1022 3879 manera
1048 3822 1121 3882 eius
1144 3845 1203 3882 su-

170 3961 338 4041 «soiperet
350 3956 446 4041 longe
456 3957 703 4039 gravissima.»
731 3953 820 4017 Haec
836 3957 953 4038 igitar
961 3977 1058 4037 saepe
1075 3978 1201 4017 neceam
