2648 4844
670 303 728 399 30,

67 563 70 569 .
157 483 280 548 dolore
299 492 397 559 esset,
419 478 507 564 quod
519 481 676 564 optimum
692 481 880 565 magistrum
898 479 987 541 brevi
999 491 1102 542 essent
1113 480 1224 543 anais·

169 598 254 675 suri,
288 594 343 658 sed
365 595 459 657 simul
481 616 556 656 eum
577 595 611 656 in
629 595 776 657 meliores
795 594 941 678 regiones
963 594 1146 678 profectum
1168 594 1210 654 ir'i

170 720 366 795 reputarent.
391 708 529 793 Egregie
545 708 577 772 id
595 708 743 792 exprimit
757 699 885 800 Phsedo
897 705 1065 770 Echecrati
1079 706 1207 769 dicens:

166 812 233 886 ἀλλ’
252 812 391 902 ἀτεχνῶς
413 810 536 886 ἄτοπόν
555 819 659 902 τέμοι
681 811 795 893 πάθος
816 819 937 906 παρῆν,
960 816 1014 882 καί
1034 840 1085 891 τις
1100 808 1210 905 ἀήθης

166 932 281 1019 κρᾶσις
308 922 374 996 <ind
401 952 437 996 se
462 932 520 1018 τῆς
545 922 660 1018 ἡδονῆς
673 928 920 1016 ,συγκεκραμὲνη
947 921 1031 1012 ὁμοῦ
1058 928 1112 992 καὶ
1139 919 1208 992 cisni

167 1042 224 1130 τῆς
249 1033 367 1129 λύπης,
394 1039 638 1124 ἐνθυμουμένῳ,
666 1033 717 1105 ὅτι
742 1032 855 1106 αὐτίκα
880 1038 997 1114 ἐκεῖνος
1019 1035 1133 1121 ἔμελλε
1155 1062 1208 1103 τε-

166 1151 326 1239 ismael)

211 1266 336 1331 Platoni
362 1268 525 1352 proximus
548 1279 596 1330 est
617 1265 816 1350 Xenophon,
839 1269 1020 1331 Socraticae
1039 1267 1205 1331 doctrinae

168 1401 337 1464 germanus
353 1381 409 1443 ille
427 1364 616 1465 discipulus.
642 1381 740 1445 Cuius
757 1382 882 1458 merita,
901 1394 938 1444 ut
953 1382 985 1443 in
1004 1403 1038 1444 re
1054 1381 1204 1458 militari,

164 1492 198 1554 in
211 1492 360 1573 historia,
383 1495 417 1557 in
439 1493 646 1578 philosophia·
662 1516 836 1580 permagna
853 1496 1004 1574 luerunt,
1027 1495 1070 1558 ita
1082 1496 1114 1557 in
1131 1494 1205 1558 loco

163 1605 205 1669 de
225 1608 441 1671 consolatione
460 1607 546 1671 haud
566 1609 680 1693 exigua
699 1621 773 1671 sunt
789 1608 957 1673 censenda.
982 1609 1061 1673 Nam
1081 1609 1205 1672 etiamsi

163 1722 395 1785 consolationes
416 1723 546 1807 proprie
567 1723 611 1786 ita
633 1720 750 1800 dictas,
774 1735 932 1807 quantum
954 1723 1116 1801 novimus,
1139 1744 1205 1787 non

162 1836 343 1919 scripserit,
366 1836 400 1896 in
415 1835 611 1920 Cyropaedia
627 1848 734 1898 tamen
751 1848 848 1921 atque
867 1837 901 1898 in
912 1836 1068 1921 Apologia
1084 1837 1205 1901 Socra-

162 1948 202 2011 tis
222 1949 298 2013 talia
316 1948 458 2032 prodidit
475 1949 660 2013 consolandi
679 1962 885 2035 argumenta,
909 1972 992 2034 quae
1012 1950 1066 2014 ubi
1086 1950 1126 2013 de
1144 1950 1204 2014 illo

162 2061 382 2146 philosophiae
393 2064 464 2126 loco
476 2064 584 2148 agitur
594 2112 602 2141 ,
614 2065 648 2126 in
660 2065 769 2147 primis
781 2076 854 2127 sunt
865 2064 1068 2129 attendenda.
1092 2066 1203 2145 Quum

161 2177 247 2248 enim
258 2177 331 2262 Cyri
346 2189 549 2240 memorasset
567 2178 800 2241 institutionem
820 2179 953 2262 eiusqpe
973 2201 1023 2241 res
1041 2191 1202 2264 gestasse

162 2291 294 2354 consilia
306 2292 525 2375 exposuisset,
537 2291 667 2354 tandem
677 2292 711 2354 in
728 2291 791 2354 fine
808 2292 882 2354 libri
893 2292 1006 2357 ultima
1020 2292 1088 2355 eius
1104 2292 1203 2357 verba

161 2403 202 2468 ad
219 2403 299 2468 filios
317 2416 349 2467 et
367 2406 484 2469 amicos
504 2406 620 2484 refert,
643 2406 762 2491 quihus
779 2407 942 2469 Socratica
961 2405 1055 2490 plane
1078 2406 1201 2495 ratione

161 2528 232 2582 tum
253 2517 326 2581 illos
344 2518 557 2600 adjustitiam
580 2519 748 2582 colendam
766 2520 973 2598 adhortatur,
997 2532 1066 2583 tum
1085 2520 1126 2583 de
1147 2521 1200 2610 fn-

159 2643 232 2695 tura
255 2654 312 2694 sua
334 2644 405 2716 post
426 2645 561 2696 mortem
581 2633 764 2696 conditione
786 2632 922 2698 disserit.
936 2629 962 2718 2)
1004 2634 1076 2714 Quo
1098 2635 1200 2719 magis

159 2756 207 2808 est
225 2745 424 2824 mirandum,
445 2747 618 2825 exstitisse,
642 2748 699 2832 qui
716 2747 799 2810 hanc
817 2748 889 2832 Cyri
901 2748 1064 2810 morientis
1077 2748 1200 2812 oratio-

159 2880 232 2921 nem
254 2881 318 2922 non
338 2861 596 2944 allenophontis
624 2883 719 2924 manu
737 2861 910 2946 prodiisse,
933 2861 988 2924 sed
1007 2862 1048 2924 ab
1067 2862 1129 2924 alio
1147 2862 1199 2924 in-

159 2974 348 3058 terpolatam
370 2973 618 3054 contenderent;
656 2998 735 3060 quos
763 2987 869 3040 tamen
894 2975 1015 3038 nodum
1036 2977 1070 3037 in
1092 2976 1198 3062 scirpo

159 3106 316 3171 quaerere
338 3100 433 3152 acute
455 3088 536 3152 vidit
560 3110 597 3152 ac
625 3088 851 3153 demonstravit
872 3089 1153 3176 Wyttenhachius.
1168 3087 1194 3177 ⁸)

157 3200 273 3285 Itaque
295 3200 365 3263 illos
387 3201 550 3265 mittentes
572 3202 612 3266 ad
633 3203 706 3288 Cyri
728 3203 918 3271 accedamus
945 3204 1053 3268 verba.
1096 3204 1196 3267 Arbi-

157 3314 235 3377 trari
253 3336 286 3376 se
308 3325 421 3400 negat,
444 3317 586 3379 animum
603 3315 780 3381 humanum
799 3328 869 3401 post
888 3329 1024 3380 mortem
1036 3339 1195 3401 nusquam

156 3438 212 3491 aut
239 3429 369 3493 nullum
399 3452 482 3510 esse,
513 3452 619 3516 neque
642 3433 727 3494 enim
748 3432 890 3496 animum
920 3432 997 3495 dum
1020 3432 1095 3494 vivit
1117 3453 1195 3494 con-

156 3542 257 3626 spici,
288 3543 341 3605 sed
364 3566 400 3606 ex
423 3546 480 3622 iis,
516 3567 599 3629 quae
621 3547 764 3631 peragit,
797 3546 905 3609 adesse
926 3545 1074 3630 intelligi.
1118 3544 1194 3608 lllihi
1267 3598 1272 3607 .

158 3728 364 3741 ——---....

191 3842 216 3904 1)
252 3845 316 3893 thid.
334 3863 357 3909 p.
373 3845 413 3894 59.
432 3849 458 3893 Α.

190 3935 216 3996 2)
254 3938 390 4002 Cyropocd.
408 3941 424 3986 Ι.
443 3942 510 3988 Vlll.
531 3959 552 3987 c.
568 3941 591 3988 7.

189 4026 215 4092 3)
251 4032 384 4094 Wyltenh.
404 4037 479 4097 Disp.
498 4035 528 4080 de
546 4052 586 4082 on.
602 4038 717 4091 immort„
729 4054 752 4099 p.
770 4036 828 4085 569.
846 4053 883 4099 sq.
