2648 4844
635 352 696 415 ron
764 315 774 372 ³
830 340 831 345 '

138 532 357 621 fragmentum
384 554 446 595 non
477 552 516 594 ex
543 529 643 617 ipsius
670 529 853 616 philosophi
878 531 983 610 libro,
1008 531 1063 596 sed
1080 535 1186 618 potius

139 671 178 712 ex
211 635 549 731 ἀπομνημονευμάτων
582 666 699 730 opere,
735 668 753 710 a
782 645 915 711 Claudio
952 646 1115 726 Pollione,
1149 658 1186 711 ut

139 761 288 836 ridetur,
315 758 513 842 composito,
536 757 733 843 descriptum
753 772 913 845 putamus.
948 758 986 823 In
1007 762 1186 847 fragmento

137 888 249 941 autem
266 871 353 958 apud
372 868 564 950 stobaeum,
588 873 749 936 Musonius
770 873 929 957 exsulem,
954 874 1011 959 qui
1026 873 1186 939 desiderio

140 989 268 1074 patriae·
281 985 459 1071 aegerrime
476 985 600 1049 serebat
619 986 785 1066 exsilium,
810 986 898 1052 hunc
918 990 986 1052 sere
1006 989 1038 1050 in
1054 986 1186 1052 modum

142 1101 337 1166 consolatur.
380 1096 491 1183 Ignavi
524 1111 571 1162 est
599 1101 679 1178 vrri,
706 1097 832 1186 inquit,
867 1102 995 1186 plorare
1014 1101 1184 1180 exsilium,

142 1237 244 1301 quum
264 1212 362 1276 nullis
384 1233 441 1275 nos
455 1212 547 1275 honis
566 1213 688 1297 privet,
719 1235 784 1277 una
800 1226 923 1278 tantum
940 1226 1072 1298 excepta
1088 1215 1186 1278 totius

142 1327 282 1391 universi
309 1326 478 1410 particula.
521 1326 630 1390 Ubivis
656 1327 741 1390 euim
768 1327 880 1391 eadem
897 1326 1077 1405 hahentur,
1102 1349 1186 1411 quae

140 1443 176 1505 in
194 1439 299 1527 patria
321 1438 507 1517 laudamus,
531 1416 634 1524 aqua,
664 1447 739 1521 adr,
770 1453 876 1519 terra,
901 1440 947 1504 sol
975 1462 1050 1504 cum
1071 1441 1184 1518 astris,

141 1554 286 1618 homines
312 1564 344 1616 et
358 1543 465 1616 'amici
489 1553 608 1630 nostri3
634 1553 751 1617 sinceri
770 1555 854 1617 enim
870 1555 964 1619 amici
985 1555 1185 1640 ubicumque

142 1681 302 1733 terrarum
319 1688 375 1729 uos
397 1677 597 1750 sequuntur,
621 1666 744 1730 asalsis
765 1688 842 1730 vero
861 1667 981 1746 deseri,
1002 1689 1042 1730 ue
1064 1668 1185 1730 malum

142 1780 275 1867 quidem
300 1777 491 1864 putandum.
536 1778 688 1843 Omnium
717 1791 824 1844 autem
853 1780 1039 1858 hominum,
1076 1792 1112 1843 ut
1140 1780 1185 1844 ait

142 1897 305 1973 Socrates,
331 1895 507 1958 communis
523 1895 626 1979 patria
648 1894 787 1959 mundus
807 1906 872 1973 est,
897 1894 1057 1981 huiusque
1074 1894 1183 1975 urhis,

111 2059 114 2066 .
143 2011 197 2075 cui
219 2020 344 2095 praeest
365 2008 512 2091 Jupiter,
538 2009 675 2094 quisque
701 2010 803 2072 honus
832 2009 934 2072 civem
955 2033 987 2072 se
1008 2009 1184 2094 praedicat.
1236 2052 1237 2055 =
1272 2029 1281 2045 ·

146 2125 259 2209 Neque
291 2121 437 2185 exsilium
475 2121 630 2206 impedit,
665 2124 835 2208 quominus
868 2124 941 2208 quis
982 2124 1045 2187 suis
1088 2124 1185 2187 rebus

142 2237 316 2325 prospiciat
346 2236 563 2321 virtutemque
590 2249 757 2301 exerceat:
781 2250 892 2301 contra
913 2259 986 2300 vero
1008 2238 1185 2322 plurimum

143 2375 181 2417 ec
209 2350 379 2429 conducit,
416 2371 518 2436 quum
544 2350 645 2413 otium
675 2352 825 2434 praebeat
854 2364 885 2415 et
914 2352 1185 2436 opportunitatem

142 2464 245 2528 multa
274 2441 428 2528 discendi.
473 2463 536 2526 Sed
565 2465 671 2548 ignavi
701 2463 734 2528 id
767 2464 886 2527 malum
918 2464 1061 2544 ducunt,
1097 2464 1184 2551 quod

143 2579 396 2643 necessariorum
415 2577 611 2641 abundantia
630 2577 795 2656 destituti,
820 2600 896 2663 prae
917 2580 1041 2664 ignaria
1063 2602 1119 2644 sua
1139 2580 1185 2642 ri-

143 2714 193 2756 res
211 2691 377 2756 intendere
395 2693 561 2769 nesciunt;
586 2692 662 2755 honi
682 2713 756 2755 vero
775 2691 1014 2778 prudentesque
1033 2693 1093 2757 riri
1113 2694 1184 2758 uhi·

144 2828 208 2892 que
238 2807 319 2869 laete
350 2806 482 2882 vivunt,
518 2827 620 2890 quum
652 2807 685 2867 in
715 2807 817 2891 patria
849 2809 992 2891 corporis
1022 2809 1184 2894 animique

142 2919 312 2983 facultates
329 2939 478 2982 exercere
490 2918 732 2996 consueverint,
752 2917 839 3004 quod
851 2919 987 3004 Ulyssis,
1006 2920 1185 2984 Themisto-

143 3033 219 3111 clis,
240 3031 442 3116 aliorumque
464 3031 616 3117 exemplis
634 3033 875 3116 comprobatum
894 3031 1046 3114 ridemus.
1072 3034 1184 3118 Neque

142 3145 350 3232 ignominiam
367 3160 449 3222 eos,
474 3147 531 3229 qui
548 3145 660 3208 solum
686 3157 872 3225 verterunt,
896 3147 1065 3231 persequi,
1091 3157 1184 3209 testes

143 3270 219 3322 sunt
239 3256 412 3335 Aristides,
443 3257 680 3335 Hermodorus,
713 3259 888 3344 Diogenes,
913 3258 1101 3338 Clearchus,
1127 3259 1184 3345 qui

145 3373 194 3435 rel
222 3372 255 3434 in
288 3370 418 3448 exsilio,
454 3370 504 3435 rel
527 3381 634 3453 postea
664 3371 697 3432 in
724 3371 860 3454 patriam
885 3373 1020 3454 reversi,
1055 3374 1184 3436 summis

143 3485 248 3548 ornati
273 3494 347 3547 suut
373 3484 570 3548 muneribus.
606 3484 737 3547 Exsules
758 3477 922 3568 praeterea
944 3507 1066 3548 summa
1088 3496 1185 3548 utun·

144 3610 198 3662 tur
227 3593 414 3685 παῤῥησίᾳ,
450 3608 482 3659 et
512 3588 604 3660 omne
626 3596 715 3682 quod
741 3599 871 3675 volunt,
897 3597 1004 3662 dicere
1031 3610 1183 3682 possunt,

143 3731 247 3796 aeque
271 3721 370 3794 atque
393 3708 461 3788 illi,
487 3711 544 3795 qui
571 3711 604 3779 in
632 3711 733 3794 patria
755 3711 885 3789 vivunt,
910 3733 1036 3796 neque,
1062 3712 1086 3774 si
1105 3711 1185 3792 justi

143 3847 182 3888 ac
206 3812 284 3895 honi
316 3834 407 3901 sunt,
441 3823 649 3888 reformidant
674 3846 809 3908 poenam
833 3825 883 3887 vel
912 3836 1065 3903 mortem,
1090 3825 1116 3888 si
1145 3825 1185 3889 de
1259 3858 1265 3868 ·

131 3934 290 4014 ,veritate
306 3937 425 4022 agitur.
467 3938 554 4001 Haec
577 3948 685 4000 autem
709 3937 871 4000 Musonius
891 3936 930 3999 de
946 3938 1057 4001 exsilio
1079 3938 1183 4017 dicta,

120 4067 122 4071 ·
144 4073 202 4116 auo
221 4050 367 4134 exemplo
388 4050 591 4135 comprobat:
614 4071 649 4113 se
670 4050 772 4129 enim,
796 4051 940 4142 quamvis
960 4052 1121 4132 exsulem,
1137 4063 1184 4115 ta-
