2648 4844
632 324 693 384 117

141 505 231 569 nium
251 503 342 567 etad
365 525 496 566 uxorem
513 525 619 581 suam,
642 505 763 588 quassi
786 504 1083 587 comparaverimus,
1105 527 1181 570 con·

142 621 233 683 tinuo
254 618 342 682 nohis
356 616 486 681 'diversa
510 616 694 680 consolandi
713 617 792 681 ratio
814 619 989 702 apparebit.
1014 620 1015 624 ’
1036 620 1077 683 Ut
1096 621 1181 683 enim

140 731 181 804 ad
201 731 406 817 Apollonium
427 731 588 808 scribens,
611 730 758 809 omnibus
783 733 995 816 argumentis,
1020 755 1103 818 quae
1121 735 1179 825 ipsi

141 845 365 931 suppeditabat
395 843 615 929 philosophia,
646 844 768 923 utitur,
794 852 838 924 ,ut
855 846 1014 924 amicum,
1036 845 1181 911 doctrina

141 960 382 1043 conspicuum,
400 980 418 1021 a
444 957 537 1037 luctu
553 969 686 1036 avocet,
719 958 763 1023 ita
783 958 824 1021 ad
843 960 949 1031 uxoris
971 959 1181 1033 minuendum

141 1072 286 1142 dolorem
305 1093 368 1135 non
386 1070 609 1156 philosopham
624 1071 762 1135 instituit
780 1071 1043 1156 disputationem,
1063 1073 1118 1137 sed
1139 1073 1180 1138 ad

141 1185 300 1249 muliebre
317 1185 385 1248 eius
403 1185 569 1270 ingenium
584 1206 744 1249 sermones
755 1206 828 1248 suos
847 1160 1106 1265 accommodans,
1124 1187 1180 1251 ad·

141 1301 307 1376 hortatur,
331 1291 492 1375 obsecrat,
515 1298 694 1386 crebraque
716 1299 898 1363 laudatione
916 1297 949 1362 id
966 1299 1091 1364 efficere
1113 1313 1180 1365 stu·

139 1410 320 1498 det,·qu0d
333 1411 505 1489 subtilibus
521 1415 716 1498 argumentis
731 1435 895 1499 nunquam
912 1414 1041 1498 exsequi
1058 1415 1179 1498 potuis-

139 1538 199 1592 set.
220 1504 314 1603 ldem
332 1527 446 1611 procul
462 1506 561 1603 dubio
575 1529 695 1591 caeteri
716 1549 847 1612 quoque
865 1526 1045 1612 philosophi
1064 1528 1180 1593 Graeci

139 1642 174 1704 in
192 1638 392 1712 consolandis
411 1640 533 1704 miseris
555 1640 885 1727 attenderunt,‚quod
909 1641 969 1704 rite
987 1642 1021 1703 in
1040 1642 1180 1725 epistolis

141 1754 205 1818 suis
230 1753 447 1823 consolatoriis
467 1754 613 1819 fecerunt
635 1754 746 1820 Cicero
776 1766 809 1818 et
830 1755 971 1832 Seneca,
1002 1754 1177 1840 quodque,

136 1867 248 1950 judice
274 1869 445 1946 Cicerone,
477 1867 687 1952 praecipuum
719 1868 912 1933 consolantis
940 1879 988 1932 est
1015 1868 1178 1948 officium,

141 1983 199 2068 qui
219 1979 395 2066 prudenter
412 1979 656 2049 animaduertit:
688 1983 800 2060 „utin
819 1982 938 2061 caussis
971 2003 1033 2045 non
1053 2004 1178 2068 semper

141 2097 261 2160 utimur
288 2094 400 2160 codem
426 2107 528 2176 statu,
560 2094 615 2159 scd
644 2095 685 2160 ad
707 2107 852 2181 tempus,
884 2095 924 2159 ad
946 2098 1180 2161 controversiae

140 2221 305 2291 naturam,
328 2210 368 2274 ad
386 2232 554 2295 personam
574 2209 866 2287 accommodamus,
896 2210 1006 2274 sicin
1032 2212 1178 2295 aegritu-

139 2323 214 2386 dine
235 2301 401 2402 lenienda,
434 2345 531 2409 quam
561 2325 697 2410 quisque
719 2325 916 2389 curationem
936 2324 1079 2407 recipere
1099 2347 1177 2409 pos-

140 2438 197 2515 sit,
221 2437 393 2500 vide'ndum
412 2441 494 2502 est.'’
509 2434 534 2522 ¹)

185 2552 376 2635 Gravissima
398 2573 473 2614 vero
495 2551 673 2636 eademque
693 2549 880 2614 difficillima
907 2551 1068 2643 quaestio,
1099 2551 1178 2636 quid

139 2665 346 2750 antiquorum
367 2654 562 2750 argumentis
585 2665 801 2729 consolatoriis
818 2663 1024 2729 tribuendum
1040 2666 1097 2741 sit,
1116 2688 1177 2729 no—

139 2779 189 2842 bis
211 2776 374 2849 tractanda
395 2754 516 2844 restat..
537 2777 714 2841 Difficultas
738 2788 844 2841 autem
864 2778 919 2840 illa
939 2779 971 2840 in
989 2800 1026 2843 eo
1043 2781 1178 2843 maxime

139 2904 300 2971 versatur,
321 2891 408 2978 quod
422 2903 610 2978 argumenta
627 2913 690 2954 non
710 2912 747 2954 er
766 2902 891 2968 nostra,
911 2891 965 2954 sed
984 2893 1177 2957 exGraeco-

141 3028 213 3071 rum
224 3004 264 3069 do
274 3007 370 3070 'rebus
382 3006 528 3070 humanis
546 3004 708 3091 cogitandi
723 3005 863 3082 ratione,
876 3003 1079 3084 dijudicanda
1091 3017 1175 3070 sunt.

140 3122 238 3184 Plane
255 3122 360 3198 enim,
384 3133 419 3201 ut
438 3131 562 3184 caetera
583 3121 746 3197 omittam,
779 3118 902 3183 diversa
923 3131 969 3183 est
991 3142 1009 3182 a
1033 3119 1177 3183 Graeco-

138 3303 346 3318 ἡ..

174 3405 219 3471 1)·
236 3408 287 3456 cic.
310 3409 385 3456 Taso.
397 3408 427 3466 Q.
447 3407 493 3455 lll.
504 3406 546 3455 33.
574 3406 670 3455 Pariter
685 3407 781 3454 Seneca
799 3406 871 3454 Coos.
888 3404 923 3452 od
937 3405 1020 3452 Mare.
1040 3420 1063 3451 c.
1077 3402 1100 3451 2.
1120 3404 1178 3451 Abi·

140 3509 180 3550 ter
196 3517 251 3549 eam
266 3502 321 3550 alio
342 3501 467 3566 agendam
484 3507 529 3549 eet.
566 3500 694 3559 Quosdam
709 3500 777 3547 ratio
796 3499 883 3561 ducit,
908 3496 1060 3560 quidusdam
1077 3498 1178 3544 narniae

139 3597 214 3642 clara
223 3595 366 3659 opponendo
379 3601 477 3667 suntet
488 3596 644 3657 auctoritas,
661 3608 726 3657 quoe
741 3593 850 3640 liberum
863 3608 912 3639 noer
924 3592 1055 3653 relinquat
1066 3591 1177 3637 animum

141 3690 176 3737 od
192 3691 308 3752 speciosa
322 3696 470 3753 stupentem.
508 3690 571 3737 llinc
593 3694 679 3752 patet,
698 3687 808 3750 quidde
832 3687 862 3734 iia
880 3685 1042 3734 statuendum
1064 3683 1113 3744 sit,
1132 3684 1176 3744 qui

139 3799 216 3830 unam
234 3784 382 3832 methodum
400 3784 516 3833 invenire
530 3783 690 3843 studuerint,
719 3797 769 3844 qua
784 3780 897 3828 omnium
916 3779 1019 3825 omnino
1036 3777 1177 3837 aegritudi-

139 3892 199 3924 nem
219 3877 351 3939 sedarent,
377 3893 493 3940 quosque
514 3878 574 3940 jure
599 3875 764 3939 reprehendit
785 3879 812 3920 ot
836 3873 930 3920 refutat
951 3872 975 3920 J.
993 3873 1019 3920 C.
1036 3873 1063 3919 G.
1078 3871 1177 3919 Ernesti

139 3972 245 4021 Auserl.
262 3973 352 4032 Briose
366 3971 492 4033 Cicero's,
514 3989 536 4034 p.
556 3969 598 4019 58.
618 3986 674 4033 sqq.
685 3975 711 4017 et
721 3965 836 4030 154.sqq
862 3967 898 4015 Cf.
909 3970 993 4014 tamen
1009 3965 1065 4013 Fest
1083 3965 1121 4015 rid.
1133 3957 1176 4012 die

137 4066 265 4131 gerodhnt.
276 4066 545 4131 Beruhigangsmetls;
562 4064 589 4113 in
605 4065 688 4113 Beitr.
707 4067 758 4111 etc.
776 4061 831 4110 Vol.
848 4060 866 4111 l.
884 4077 908 4124 p.
928 4057 962 4107 12
978 4077 1034 4123 sqq.
