2648 4844
632 326 674 388 60

183 509 220 571 ln
241 506 421 592 Cyrenaicis
443 505 632 590 primarium
653 504 815 592 quendam
835 508 943 569 locum
963 515 1051 569 tonet
1070 505 1179 594 Hege-

138 625 231 698 sias,
265 642 460 704 quamquam
481 620 537 682 ille
562 620 595 680 in
620 619 781 682 nonnullis
801 619 926 702 placitis
948 620 1121 703 paululum
1139 623 1179 685 ab

137 736 175 798 iis
205 734 386 798 recedebat.
432 733 541 813 Quum
570 732 654 795 enim
685 734 866 817 Aristippus
889 735 1055 818 ceterique
1083 735 1179 818 Cyre-

138 850 221 912 naici
243 848 343 933 magis
363 848 402 912 de
428 846 644 943 voluptatibus
667 868 764 931 quarn
786 847 826 910 de
849 847 1012 911 doloribus
1032 860 1178 933 agerent,

72 988 80 997 ·
139 963 259 1047 quippe
287 984 370 1046 quae
392 960 489 1022 vitam
514 960 640 1023 beatam
659 962 745 1024 solae
767 961 990 1038 continerent3
1025 962 1180 1046 Hegesias

138 1077 241 1160 magis
261 1075 404 1139 dolorem
426 1074 674 1151 removendum,
703 1095 800 1159 quam
829 1075 1059 1158 assequendam
1087 1077 1180 1139 volu-

137 1201 259 1275 ptatem
277 1190 423 1253 docebat.
438 1187 463 1275 1)
500 1190 590 1269 Quae
603 1208 703 1272 quum
716 1200 796 1251 esset
815 1187 874 1250 viri
894 1190 1071 1268 sententia,
1095 1212 1181 1253 mor·

139 1315 203 1366 tem
230 1303 378 1366 laudibus
409 1303 522 1365 efferre
553 1302 714 1385 longeque
737 1300 978 1384 praeferendam
999 1303 1082 1365 vitae
1106 1327 1182 1387 pro·

137 1437 256 1500 ponere
274 1417 412 1494 solebat,
431 1416 553 1499 quippe
571 1436 653 1499 quae
671 1414 890 1478 efficacissime
907 1437 1034 1478 omnem
1051 1418 1182 1482 tolleret

137 1527 292 1595 dolorem.
338 1530 492 1614 ldemque
521 1540 584 1591 tam
608 1529 735 1612 copiose
757 1539 911 1612 tantaque
934 1530 1119 1613 eloquentia
1141 1531 1181 1594 de

137 1643 220 1706 sitae
242 1645 334 1707 malis
356 1644 532 1727 disputasse
555 1642 685 1721 dicitur,
709 1655 744 1705 ut
766 1642 945 1705 miseranda
968 1664 1078 1705 corum
1102 1645 1181 1707 ima-

139 1757 212 1842 gine
234 1757 432 1822 audientium
465 1757 648 1840 pectoribus
670 1757 808 1831 inserta,
843 1756 953 1818 multis
982 1757 1182 1821 voluntariae

138 1871 249 1933 mortis
266 1871 464 1955 oppetendae
477 1869 685 1953 cupiditatem
698 1866 946 1954 ingeneraret.²)
973 1870 1055 1932 Hinc
1072 1882 1182 1959 autem

139 2005 256 2046 nomon
277 1973 514 2048 πεισιθανάτου
537 1995 670 2058 nactus,
702 1981 757 2044 sed
784 1983 825 2045 ob
854 1982 987 2046 eandem
1013 1994 1180 2061 caussam,

140 2097 311 2181 quominus
336 2114 373 2159 ca
394 2097 427 2158 in
453 2095 569 2159 scholis
599 2097 747 2188 doceret,
771 2117 789 2158 a
810 2117 887 2180 rego
900 2097 1082 2159 Ptolemaeo
1103 2120 1180 2182 pro·

139 2209 261 2273 bibitus
281 2222 337 2274 est.
370 2208 504 2292 Scripsit
524 2231 608 2288 vero,
630 2221 666 2272 ut
686 2221 820 2272 testatur
836 2209 960 2287 Cicero,
981 2209 1104 2272 librum
1123 2232 1180 2272 no-

140 2324 225 2387 mine
246 2313 509 2407 Ἀποκαρτερών,
541 2322 574 2384 in
597 2344 703 2407 quoa
725 2325 787 2385 vita
810 2322 941 2407 quidam
964 2345 1021 2407 per
1040 2321 1181 2386 inediam

141 2435 326 2512 discedens„
348 2447 515 2499 revocatur
537 2436 578 2500 ab
599 2438 719 2516 amicis,
739 2437 859 2521 quibus
880 2436 1074 2521 respondens
1097 2437 1181 2501 vitae

140 2549 298 2613 hnmanae
327 2546 492 2611 enumerat
521 2549 735 2616 incommoda.
749 2545 774 2633 ³)
810 2551 904 2613 Liber
923 2562 1031 2613 autem
1049 2573 1068 2614 a
1089 2551 1181 2613 nullo

177 2838 202 2904 l)
237 2839 350 2888 Bruolrer
366 2840 435 2889 Hist.
447 2842 505 2890 orit,
510 2841 578 2904 pail.
595 2841 650 2890 Vol.
662 2843 681 2891 1.
697 2859 721 2906 p.
730 2841 789 2892 600.
802 2874 832 2882 -
851 2844 886 2890 lle
898 2848 980 2890 aetate
998 2843 1119 2902 Hegesiae
1129 2859 1180 2890 non

142 2940 249 2987 onustat.
269 2935 371 2983 Vossius
385 2935 415 2981 dc
430 2935 491 2983 tiss.
510 2937 553 2984 Gr.
571 2936 589 2984 l.
606 2933 647 2984 12.
668 2937 779 2983 Platonis
795 2953 853 2983 eum
868 2937 1001 2999 aequalem
1016 2936 1086 2999 lacit,
1104 2953 1181 2999 quern

141 3046 236 3078 errasse
251 3030 327 3077 docet
336 3027 511 3089 llonagius'ad
521 3030 600 3092 Diog.
614 3029 699 3078 Lao'rt.
717 3030 749 3079 11.
760 3028 801 3078 26.
820 3030 970 3077 Bouhicrius
982 3037 1067 3078 autem
1083 3031 1114 3077 sd
1127 3032 1180 3080 Cic.
1250 3076 1253 3091 ,

144 3127 219 3173 Tisse.
232 3126 262 3182 Q.
273 3125 292 3172 l.
307 3120 349 3171 34.
363 3123 400 3186 (in
408 3119 454 3172 sd.
466 3118 565 3184 Moseri)
575 3122 629 3194 cius
644 3127 753 3170 aetatem
768 3122 888 3170 incidisse
903 3127 976 3185 putat
993 3125 1021 3170 in
1039 3130 1182 3186 postremos

141 3217 278 3266 Ptolemaei
295 3216 400 3278 lagidae
418 3221 572 3279 annos,‘aut
587 3215 613 3263 in
630 3222 743 3280 tempora
760 3200 928 3280 Philadelphi.
955 3216 1036 3263 llinus
1055 3223 1126 3265 recte
1146 3223 1181 3265 ta-

143 3311 257 3360 mouille
275 3310 405 3372 Hegesiam
421 3310 601 3373 philosophum
618 3312 727 3358 eundem
747 3316 824 3373 atquc
840 3314 964 3358 oratorem
986 3311 1078 3372 babet,
1103 3327 1181 3373 quern

142 3420 254 3454 errorem
269 3405 390 3452 refutavit
406 3405 573 3452 Ruhnkenius
589 3406 660 3454 Uist.
678 3406 737 3454 crs't.
754 3412 817 3455 orat.
836 3405 879 3453 Gr.
895 3404 922 3450 in
941 3405 1032 3468 Opsso.
1050 3405 1068 3453 1.
1085 3420 1110 3466 p.
1121 3403 1180 3453 382.

142 3501 177 3549 ne
193 3516 223 3548 eo
236 3499 337 3561 scripsit
345 3499 367 3548 J.
375 3499 398 3547 s.
410 3498 537 3545 aamsacn
548 3498 578 3544 se
585 3499 700 3561 nogara
712 3483 921 3573 πεισιθανάτῳ,
950 3496 1084 3560 otcarius.
1104 3495 1181 3547 1771.

143 3591 168 3645 ὲ
183 3593 252 3656 quod
268 3598 352 3643 tamen
371 3591 495 3654 scriptum
509 3591 635 3654 inspicere
650 3592 712 3639 mihi
731 3607 782 3639 non
801 3591 882 3641 licuit.
1035 3596 1038 3605 ⁴

176 3683 203 3749 2)
238 3686 320 3736 Vs'rba
336 3691 396 3732 sunt
406 3684 500 3732 Valerii
508 3684 604 3730 Maximi
620 3686 676 3735 Vll.
690 3684 717 3748 9,
729 3683 753 3734 3.
772 3686 807 3734 Cl.
821 3684 888 3736 Plut.
906 3671 973 3756 περὶ
990 3676 1103 3753 ‹psl-om.
1124 3699 1181 3748 pag.

143 3776 194 3827 497
215 3781 243 3828 l).

178 3868 204 3933 3)
238 3851 290 3921 'cia
315 3873 389 3920 Tisse.
407 3873 436 3929 Q.
459 3872 478 3920 l.
496 3868 537 3920 34.
556 3871 603 3918 Pro
622 3851 723 3933 vulqats
744 3871 855 3919 lectione
872 3870 937 3934 quod
955 3887 971 3917 a
990 3871 1054 3932 vita,
1073 3870 1105 3916 dc
1121 3886 1182 3919 con-

74 4023 80 4038 .
140 3968 242 4030 jactura
266 3965 374 4013 Bentleii
406 3965 562 4013 restituimus
588 3968 617 4013 s'ss
640 3983 689 4029 quo
711 3983 727 4013 a
752 3967 822 4025 vita,
854 3980 930 4026 quam
952 3963 1043 4028 probat
1070 3964 1182 4012 llorerus

143 4061 174 4108 ad
191 4060 216 4107 b.
233 4060 250 4108 l.
