2648 4844
643 324 682 383 77

142 500 275 587 quidem
294 502 510 585 fragmentum
528 513 688 564 servatum
707 504 756 568 sit.
792 503 838 565 Ne
860 515 966 566 tamen
987 507 1104 570 frustra
1125 508 1181 572 lu·

141 637 290 701 geamus,
315 612 370 676 sed
397 614 514 698 potius,
535 636 581 713 ‘er
609 615 741 698 Epicuri
760 629 931 700 praecepto
950 620 1179 700 consolatorio,

141 729 267 791 amalis
293 749 350 790 nos
379 726 416 790 ad
449 726 532 790 bona
552 727 769 819 abducamus,
804 741 835 791 et
859 731 952 794 misso
972 732 1116 811 Galerio,
1139 734 1178 797 ad

141 841 352 904 Plutarchum
373 862 598 923 properemus,
619 843 710 905 cuius
728 843 810 905 bene
830 844 938 906 multis
957 845 1180 908 consolationi-

140 953 201 1016 bus
218 953 380 1038 hodieque
402 953 589 1038 gaudemus.

624 1261 697 1342 §8.

445 1515 866 1580 Plutarchaa

184 1767 394 1845 Plutarchus,
418 1765 608 1837 nobilis-ille
618 1766 846 1831 Chaeronensis
857 1767 1081 1855 philosophus,
1103 1772 1178 1851 etsi,

139 1882 247 1968 quoad
279 1891 435 1959 aetatem,
470 1880 600 1944 ultimus
631 1882 699 1944 fere
730 1871 939 1946 Graecorum'
956 1885 1073 1963 luerit,
1096 1887 1181 1949 inter

138 1996 306 2081 primarios
328 1998 434 2058 tamen
456 2016 578 2057 summo
600 1993 675 2076 jure
699 1994 846 2059 habetur.
882 1997 954 2058 Sive
976 1998 1060 2060 enirn
1081 1998 1180 2061 histo-

139 2111 239 2174 ricam
268 2109 365 2172 fidem
393 2120 424 2171 et
453 2107 675 2192 philosopham
699 2109 733 2171 in
760 2131 810 2172 res
842 2121 944 2195 gestas
973 2112 1180 2195 virorumque

139 2245 244 2287 mores
276 2223 516 2308 inquisitionem
546 2224 695 2307 quaeris,
726 2222 841 2287 adsunt
868 2245 924 2288 eae
952 2225 986 2286 in
1011 2224 1110 2309 ipsius
1140 2223 1180 2286 de

139 2338 210 2400 ritis
243 2338 442 2401 Graecorum
471 2337 754 2422 Romanorumque
785 2336 946 2420 parallelis
975 2359 1090 2420 opere:
1115 2338 1181 2400 sive

140 2472 294 2536 magnum
311 2450 477 2535 ingenium
497 2459 639 2533 spectas,
665 2448 839 2513 disserendi
859 2450 1085 2529 subtilitatem,
1103 2473 1180 2514 acu·

139 2577 208 2628 tum
240 2564 281 2627 de
313 2564 406 2627 variis
437 2563 701 2649 philosophorum
733 2564 859 2648 placitis
885 2564 1067 2646 judicium,
1100 2586 1181 2627 con-

139 2679 269 2763 spicuae
290 2678 350 2742 hae
372 2677 461 2740 dotes
482 2690 555 2740 sunt
576 2679 610 2740 in
633 2677 782 2762 operibus
804 2679 873 2740 eins
896 2676 1090 2747 moralibus:
1116 2678 1181 2740 sive

139 2792 281 2877 denique
304 2791 484 2877 elegantem
515 2791 641 2876 quaeris
669 2813 868 2869 sermonem,
893 2792 926 2853 in
946 2792 1091 2855 omnibus
1114 2792 1180 2854 cius

141 2906 248 2985 libris,
269 2918 333 2969 tam
350 2903 564 2990 philosophis,
595 2925 692 2988 quam
717 2895 891 2980 historicis,
925 2903 1089 2966 admiraris
1107 2926 1182 2966 ora-

138 3021 257 3083 tionem
269 3041 391 3082 summa
402 3018 646 3103 perspicuitate,
666 3016 869 3101 simplicitate
889 3027 920 3078 ct
939 3037 1013 3079 vero
1031 3018 1182 3079 varietate

139 3144 170 3196 et
189 3133 347 3218 elegantia
369 3131 529 3198 decoram.
561 3133 693 3216 Magnus
714 3132 847 3214 insuper
866 3129 914 3193 his
934 3129 1060 3193 accedit
1079 3129 1182 3194 laudis

139 3247 309 3325 cumulus,
335 3245 422 3331 quod
454 3268 518 3309 non
549 3244 707 3307 derebus
731 3245 875 3307 obscuris
901 3243 1025 3328 agendo
1048 3244 1182 3328 gloriam

139 3360 198 3423 sibi
218 3380 422 3444 comparare,
446 3371 501 3423 aut
523 3358 712 3444 popularem
734 3353 985 3439 captaieauram
1002 3358 1179 3434 studuerit;

139 3473 193 3537 sed
223 3475 256 3536 in
287 3495 488 3537 communem
520 3475 661 3536 omnium
691 3471 859 3534 utilitatem
883 3470 1000 3552 scripta
1023 3492 1079 3533 sna
1101 3492 1181 3532 con-

138 3587 266 3651 diderit.
310 3588 451 3665 Etenim,
492 3598 528 3648 nt
557 3585 670 3648 summi
695 3583 937 3670 Wyttenbachii
960 3595 1031 3646 utar
1058 3583 1179 3661 verbis,

138 3700 260 3786 ubique
287 3701 326 3763 id
350 3703 422 3787 egit
447 3700 678 3779 Plutarchus,
701 3712 741 3786 at
768 3698 854 3784 qaid
879 3698 965 3760 ratila
990 3697 1044 3760 vel
1068 3719 1178 3776 secas,

139 3816 224 3901 qaid
231 3815 444 3902 fugiendam
461 3815 515 3877 cel
529 3813 747 3900 sequendam,
767 3813 915 3887 doceret,-
932 3825 972 3874 ut
991 3810 1029 3872 de
1046 3814 1181 3875 ratione

138 3933 244 4009 citae,
279 3930 317 3993 de
342 3929 457 3994 stadio
492 3932 684 4006 virtatem,
717 3928 756 3990 de
779 3926 981 3990 moderanda
1007 3927 1181 4010 republica

137 4043 321 4108 dissereret
330 4070 343 4123 ,·
361 4044 503 4129 denique
516 4056 553 4107 at
562 4042 817 4126 philosophiam
835 4039 1094 4119 eornmeadaret,
1114 4065 1179 4105 aera
