2648 4844
644 389 687 451 99

143 567 227 631 bene
247 568 402 661 reimale
425 568 540 632 utitur.
586 568 775 633 Ridiculum
796 581 842 633 est
870 571 974 647 onim,
1006 570 1032 632 si
1059 570 1186 653 juvenis

143 683 193 744 vel
216 700 310 744 senex
332 680 408 743 mali
429 680 508 765 quid
531 680 783 766 perpetraverit,
817 682 915 745 huius
943 683 1018 746 mali
1049 695 1113 748 non
1135 705 1187 748 eos

142 797 248 880 ipsos,
268 794 323 857 sed
338 793 543 876 juventutem
555 795 606 856 vel
619 807 817 858 senectutem
828 818 998 874 accusare,
1019 797 1096 859 etsi
1116 818 1187 881 per·

93 910 98 923 '
143 926 241 994 quam
259 909 321 970 sint
336 909 430 994 honi,
453 907 549 971 huius
565 909 613 970 rei
624 930 767 972 caussam
789 930 852 971 non
873 911 907 972 in
928 931 1040 972 eorum
1059 909 1189 988 indole,

142 1021 198 1084 sed
219 1032 324 1084 aetate
346 1040 513 1106 quaerere.
550 1021 622 1103 Quo
645 1043 720 1085 vero
743 1022 858 1084 melius
880 1021 920 1084 de
943 1034 1081 1109 utraque
1097 1022 1187 1104 judi-

142 1154 272 1212 cemus,
290 1136 333 1198 ita
345 1135 470 1220 pergit,
481 1121 609 1213 audite,
627 1157 711 1221 quae
728 1135 937 1219 philosophus
955 1158 1004 1198 me
1024 1137 1186 1221 quondam

141 1248 263 1313 docuit.
299 1239 343 1311 To
366 1244 532 1334 εἰλικρινὲς
551 1244 606 1310 καὶ
625 1239 788 1334 καθαρὸν,
807 1249 894 1334 quod
912 1238 1037 1312 divinae
1054 1252 1187 1335 originis

141 1364 248 1425 animo
271 1373 377 1424 nostro
399 1358 499 1437 inest,
522 1362 618 1424 simui
639 1349 762 1435 acnati
783 1385 912 1441 sumus,
936 1364 1026 1426 nohis
1047 1364 1185 1450 benigna

142 1459 371 1552 incendetur,
394 1474 524 1536 minime
545 1476 704 1558 particeps
727 1497 859 1554 eorum,
878 1489 1112 1562 quaementem
1124 1476 1186 1541 hu-

141 1606 269 1652 manam
291 1589 421 1651 turbare
442 1589 565 1666 sodeutj
586 1587 738 1673 deinceps
760 1611 856 1667 vero,
880 1592 1019 1655 enutrito
1032 1602 1063 1654 et
1075 1591 1186 1655 adulto

142 1718 297 1787 corpore,
322 1702 564 1786 subsequuntur
583 1701 793 1784 cupiditates,
816 1724 895 1787 quas
918 1705 1050 1767 comites
1066 1704 1187 1787 accipit

136 1817 301 1899 juventus,
313 1834 463 1901 quaeque
480 1814 540 1876 sub
559 1837 596 1877 ee
609 1816 760 1893 latentes,
781 1816 868 1879 velut
888 1815 1024 1901 flagellis
1035 1827 1067 1879 et
1079 1817 1185 1880 colea·

143 1931 230 1992 ribus
236 1930 372 2011 juvenes
391 1927 522 1991 trahunt
540 1927 580 1991 ad
597 1940 707 2012 turpes
725 1951 867 2007 amores,
885 1929 926 1993 ad
937 1931 1017 1993 iram
1028 1977 1036 2006 ‚
1049 1928 1090 1992 ad
1100 1929 1185 1992 inse·

143 2029 246 2122 niam,
270 2043 319 2106 vel
337 2041 456 2105 adalia
476 2041 660 2103 huiusmodi
676 2063 779 2127 aeque
802 2042 1022 2127 vituperanda.
1055 2044 1097 2106 At
1109 2062 1184 2105 vero

141 2162 215 2228 αἵδε
237 2162 272 2227 αἱ
293 2161 408 2248 μυρίαι
431 2160 596 2248 Σειρῆνες,
619 2161 654 2226 αἱ
674 2153 731 2233 νόν
751 2160 905 2226 πλεῖστον
927 2151 1113 2246 ἀπάγουσαι
1134 2161 1186 2225 de-

141 2273 185 2346 nir
206 2273 322 2367 ὥσπερ,
344 2269 560 2362 αἰχμάλωτον,
585 2271 624 2345 οὔ
644 2280 813 2368 deductim
834 2279 1035 2367 προσελθεῖν
1049 2278 1184 2367 γέροντι·
1217 2351 1222 2357 ,

141 2392 223 2465 ἀλλὰ
244 2392 284 2488 δὴ
307 2392 365 2464 σῦν
385 2398 435 2482 τῷ
457 2389 583 2481 σώματι
604 2389 731 2486 λήγοντι
751 2396 806 2462 καὶ
830 2397 1054 2487 μαραινομένῳ
1082 2389 1124 2462 τά
1143 2415 1185 2477 Ἰτε

140 2513 230 2576 αἴτια
249 2510 314 2574 τῶν
335 2499 573 2597 ἁμαρτημάτων
594 2501 770 2592 ὑπέξεισιν,
793 2505 813 2598 ἡ
835 2531 872 2573 τε
895 2502 985 2598 ψυχή
1007 2502 1108 2574 αὐτοῦ
1125 2520 1200 2591 με-’

139 2621 218 2706 dero?
239 2611 315 2708 ἤδη,
338 2614 452 2707 ὥσπερ
474 2611 548 2684 καθ’
573 2611 688 2708 ἑαυτήν
708 2620 887 2709 γιγνομένη,
909 2612 952 2687 roi
971 2617 1029 2700 μὲν
1050 2610 1183 2707 ἀνθρώ-

139 2754 219 2798 πεια
232 2724 313 2799 κακὰ
328 2722 473 2820 φεύγειν,
489 2735 632 2796 συνεῖναι
653 2731 692 2796 δὲ
712 2724 924 2820 σωφροσύνῃ,
940 2733 1037 2798 Cuius
1048 2713 1181 2820 quidem

141 2847 186 2909 rei
207 2858 303 2910 testes
315 2857 388 2910 sunt
405 2847 560 2927 juvenes,
583 2847 641 2930 qui
661 2846 709 2908 sui
733 2867 795 2908 non
815 2857 999 2928 compotes,
1020 2849 1052 2910 in
1076 2850 1181 2912 omnia

141 2971 256 3038 ruunt,
274 2971 369 3023 testes
386 2982 517 3045 quoque
534 2969 607 3028 sunt
618 2955 727 3036 senes,
746 2959 803 3044 qui
819 2957 981 3022 moderata
994 2981 1048 3022 sun
1060 2960 1181 3045 indole,

135 3073 261 3154 justitia
280 3095 319 3137 ac
340 3074 537 3151 sinceritate,
570 3072 708 3136 divinam
734 3094 822 3136 sunm
843 3073 979 3156 probant
1010 3073 1178 3158 originem.

139 3187 222 3250 Hine
241 3187 459 3277 Agamemnon
482 3187 646 3248 Nestorem
665 3207 772 3248 senem
793 3186 903 3267 Aiaci,
925 3183 1092 3264 Diomedi,
1115 3188 1180 3250 Me·

140 3301 251 3377 nelao,
275 3299 408 3363 caeteris
422 3296 603 3383 juvenibus
616 3299 786 3382 praetulit,
820 3320 895 3361 cum
922 3321 1026 3383 eoque
1052 3301 1118 3362 solo
1141 3300 1181 3364 de

139 3414 237 3476 rebus
258 3413 450 3498 gravissimis
468 3411 669 3475 deliberavit.
694 3412 776 3474 Hinc
788 3411 1015 3474 Themistocles
1033 3411 1179 3491 pureum,

138 3527 292 3611 quoniam
314 3526 447 3588 liberius
475 3525 620 3602 vivebat,
651 3547 669 3587 a
691 3536 781 3607 petre
804 3523 1012 3587 exheredatus
1033 3535 1101 3600 est;
1125 3525 1179 3598 sed

137 3650 242 3703 aetate
272 3650 443 3723 provectus
466 3650 497 3701 et
519 3640 675 3701 senectuti
699 3638 882 3721 proximus,
915 3636 979 3699 dur
998 3637 1059 3699 fuit
1079 3629 1180 3700 Grae-

137 3772 271 3829 corum,
293 3763 324 3814 et
341 3753 486 3836 patriam,
510 3753 606 3814 immo
618 3762 718 3814 totam
729 3752 909 3827 Graeciam,
922 3773 937 3812 a
950 3751 1055 3812 Persis
1064 3750 1180 3812 libera-

138 3866 194 3930 rit.
210 3860 235 3949 ¹)
272 3863 392 3945 Quodsi
411 3865 561 3945 juvenem
586 3885 659 3926 cum
681 3885 756 3925 sene
779 3865 1031 3945 comparaveris,
1055 3862 1107 3924 hic
1130 3863 1177 3924 illi

173 4111 200 4177 1)
237 4111 524 4175 Stob.F10r.tit.11⁷‚
544 4075 568 4159 o.
