2648 4844
660 311 702 373 29

159 493 228 576 ipso
250 491 379 574 dialogo
401 509 439 552 ac
466 489 533 552 fere
559 489 702 553 divinum
723 509 758 552 se
778 489 911 574 pmebot
932 489 1018 553 idom
1038 490 1195 558 Socrates.

158 606 250 668 Licet
272 605 356 671 enim
378 625 437 688 per
459 615 557 668 totam
579 604 675 667 sitam
697 603 835 667 coluerit
849 602 1017 685 justitiam,
1040 617 1072 668 ot
1090 627 1197 671 sanam

159 718 305 783 docendo
324 717 558 802 philosophiam
568 718 736 800 ‘profuerit
758 729 789 780 et
807 717 980 799 juvenibus
1001 731 1033 782 et
1056 719 1195 796 civitati,

159 845 266 899 tamen
283 832 362 896 salso
377 843 546 895 accusatus
559 830 690 913 jamjam
711 832 880 917 indignum
898 834 932 896 in
951 833 1082 897 modum
1101 834 1196 895 mori-

160 959 253 1010 turus
266 958 331 1010 est.
364 946 520 1026 Querelas
537 967 574 1008 ex
594 947 662 1009 eius
682 967 737 1007 ore
754 959 952 1030 exspectares
973 947 1012 1010 do
1030 949 1118 1031 turpi
1137 947 1195 1011 ho-

161 1063 284 1124 minum
305 1058 422 1145 agendi
444 1060 566 1122 ratione
593 1059 700 1143 deque
728 1061 793 1122 Diis
815 1060 973 1123 honorum
995 1056 1119 1127 sortem·
1135 1063 1198 1126 mi-

160 1176 245 1238 nime
262 1174 467 1252 curantibus3
491 1172 815 1250 horumveronihi13
839 1195 902 1257 qua
926 1176 1010 1236 euim
1032 1188 1100 1241 erat
1123 1198 1198 1261 erga

158 1289 333 1374 discipulos
351 1287 593 1365 benevolentia,
627 1286 666 1348 ad
688 1297 836 1388 mortem'
854 1308 956 1371 usque
982 1289 1020 1349 iis
1050 1288 1199 1372 prodesse

161 1414 193 1465 et
215 1401 449 1485 praejudicatas
470 1402 597 1463 auferre
619 1401 782 1484 opiniones
802 1423 922 1485 eosque
941 1401 980 1464 ad
999 1423 1106 1464 veram
1127 1404 1199 1466 seli·
1258 1391 1260 1396 ¹

160 1517 288 1599 citatem
309 1515 429 1578 ducere
449 1514 567 1580 studet.
599 1515 810 1597 lpsetinterea
828 1516 933 1578 animo
954 1517 1147 1601 tranquillus
1167 1529 1199 1580 et

161 1610 288 1706 hilaris,
312 1651 375 1690 non
392 1629 483 1691 timet
501 1628 671 1690 instantem
690 1639 824 1690 mortem
850 1649 956 1712 neque
978 1629 1017 1691 de
1040 1651 1096 1691 sua
1115 1641 1200 1693 sorte

161 1743 317 1805 sollicitus
328 1753 395 1819 est,
418 1740 473 1802 sed
496 1751 607 1804 contra
627 1740 722 1824 plane
744 1740 803 1802 sibi
822 1762 1008 1824 persuasum
1028 1740 1144 1819 habet,
1167 1765 1200 1805 se

162 1869 233 1941 post
254 1856 429 1919 discessum
451 1876 489 1918 ox
511 1853 572 1918 hac
600 1855 664 1918 vita
693 1843 869 1917 beatioiem
896 1856 964 1919 iore
992 1867 1024 1917 et
1051 1855 1090 1919 ad
1119 1857 1200 1920 Deos

162 1982 405 2095 perventurum.
452 1968 628 2032 Audiamus
657 1989 732 2030 eum
758 1969 799 2031 ad
826 1968 999 2052 discipulos
1020 1968 1198 2049 dicentem;

162 2074 212 2146 ὅτι
237 2080 347 2163 μέντοι
372 2072 465 2166 παρὰ
492 2072 596 2152 θεοὺς
622 2069 787 2152 δεσπότας
813 2070 899 2143 πάνυ
928 2072 1114 2164 ἀγαθούς
1101 2074 1200 2168 ήξειν,

162 2181 200 2256 εὖ
221 2192 293 2256 ι’στε
314 2187 373 2270 ὅτι,
397 2190 493 2315 ataap
511 2214 544 2254 τι
565 2182 644 2254 ἄλλο
665 2182 918 2268 τῶντοιούτων,
942 2190 1203 2278 διισχιρισαιιην

163 2288 202 2368 do
224 2301 278 2365 καὶ
303 2301 417 2366 τοῦτο
449 2294 535 2365 ὥστε
563 2293 618 2365 ded
647 2301 749 2364 ταῦτα
779 2320 846 2381 οιχ
871 2291 994 2381 ὁμοίως
1024 2292 1200 2383 ἀγανακτῶ,

164 2404 228 2476 αλλ’
253 2405 438 2486 adeinln‘
408 2434 474 2494 ειμι
496 2403 577 2476 ειναί
597 2436 629 2475 τι
649 2414 719 2483 τοῖς
740 2400 1005 2496 τετελειιτὴικααα
1019 2408 1102 2496 ¹)
1128 2401 1202 2496 syo*

155 2523 204 2588 δὲ
220 2522 274 2588 καὶ
295 2515 394 2598 αὐτὸς
415 2517 553 2610 ἡγοῦμαι
574 2511 755 2604 ὁμόδοιιλός
768 2543 805 2584 τε
828 2437 906 2586 sicui
927 2522 991 2586 τῶν
1011 2513 1129 2588 κύκνων
1149 2521 1203 2586 καὶ

163 2629 252 2722 ἱερὸς
272 2635 333 2701 cod
355 2625 456 2701 ednod
477 2635 577 2714 θεοῦ,
598 2633 653 2698 καὶ
675 2625 714 2699 οὐ
735 2638 844 2721 χεῖρον
864 2631 989 2699 ἐκείνων
1012 2626 1069 2722 τήν
1094 2657 1203 2717 μαντι-

162 2739 218 2833 sip
245 2741 327 2828 ἔχειν
352 2736 445 2832 nopai
468 2746 528 2810 τοῦ
554 2735 733 2822 δεσπότου,
763 2735 841 2809 οὐδὲ
867 2734 1114 2831 διιαθιιιιότειιον
1145 2735 1203 2814 αὕ-

164 2857 229 2921 τῶν
247 2857 307 2927 τοῦ
327 2854 403 2938 βίον
431 2847 745 2941 ἀπαλλάττεσθαι)
793 2857 905 2949 Neque
935 2857 1018 2923 hanc
1048 2858 1107 2923 sihi
1135 2879 1202 2923 esse

165 2971 401 3062 persuasionem
424 2980 550 3038 tantum
569 2968 671 3048 dicit,
695 2990 807 3033 verum
828 2969 915 3042 dieta
943 2954 1128 3053 comprobat
1152 2971 1203 3032 fa-

165 3085 240 3161 etis,
263 3085 321 3169 qui
340 3084 479 3151 cicutam
497 3084 635 3168 accipiat
656 3071 744 3162 μάλα
764 3078 873 3161 ἵλεως,
896 3078 949 3154 καὶ
972 3072 1064 3154 οὐδὲν
1085 3078 1204 3167 τιιένας

164 3189 241 3263 οὐδὲ
268 3193 471 3282 διαφθείρας
497 3187 573 3261 οὔτε
598 3194 658 3259 τοῦ
685 3183 857 3281 χρώματος
883 3185 960 3265 οὔτε
986 3194 1045 3259 τοῦ
1071 3213 1203 3279 προαω-
1247 3260 1249 3263 ,

164 3304 278 3395 noem)
313 3310 390 3373 Earn
411 3308 512 3394 igitur
534 3309 598 3375 vim
627 3307 710 3372 haec
737 3307 876 3371 Socratis
905 3306 1080 3390 disputatio
1106 3318 1203 3390 atque

137 3421 279 3506 ·agendi
297 3424 378 3489 ratio
394 3424 428 3487 in
449 3423 633 3496 auditorum
654 3422 767 3486 animis
788 3421 919 3498 habuit,
943 3442 1040 3504 quam
1060 3421 1204 3485 consola·

166 3536 210 3601 tio
228 3537 311 3599 bene
332 3538 478 3601 instituta
499 3537 618 3603 habero
637 3536 735 3615 solet,
759 3547 795 3600 ut
814 3536 911 3600 mixta
930 3535 967 3599 iis
987 3534 1106 3599 laetitia
1127 3554 1203 3597 cum

201 3858 226 3924 1)
264 3863 383 3910 Phaedon
401 3861 519 3926 pecc

200 3952 225 4016 2)
261 3955 325 4004 thid.
342 3973 367 4021 p.
381 3955 423 4005 85.
437 3958 463 4003 B.

201 4046 226 4108 3)
261 4049 325 4098 Ibid.
342 4067 366 4115 p.
383 4048 441 4097 117.
460 4050 485 4097 B.
