2648 4844
640 306 679 366 61

137 488 202 552 alio
216 497 429 562 memoratur;
443 484 498 548 sed
514 496 637 547 constat
654 506 691 546 cx
707 484 868 548 Ciceronis
878 504 985 568 ,quae
999 484 1178 564 attulimus,

140 602 264 678 verbis,
298 600 397 662 luisse
419 598 604 682 dialogum,
633 598 733 681 inque
746 617 789 660 co
816 596 976 681 quendam
992 597 1036 660 ita
1054 596 1094 660 de
1115 599 1180 662 rita

137 716 274 800 eiusque
294 712 426 776 miseriis
446 711 645 789 disseruisse,
669 721 706 773 ut
720 759 729 789 ,
743 709 831 795 quod
849 710 934 774 idem
952 733 1048 793 porro
1067 711 1178 791 docet,

139 831 244 891 virere
266 827 384 889 nemini
408 826 557 909 expedire
578 825 797 889 contenderet.
823 826 917 905 Quod
936 846 1010 888 vero
1032 826 1088 888 ille
1107 825 1180 889 dia-

139 943 205 1028 logi
224 941 360 1025 scriptor
381 939 487 1001 inedid
517 939 576 1002 sibi
606 950 740 1001 mortem
770 939 967 1003 consciscere
988 940 1075 1018 rult,
1105 939 1180 1003 inde

139 1057 213 1121 satis
232 1054 441 1139 probabiliter
461 1052 543 1115 effici
563 1063 681 1136 potest,
704 1051 841 1115 eundem
854 1052 894 1116 de
908 1064 1010 1116 morte
1023 1052 1181 1117 addidisse

140 1168 308 1255 quaedam,
331 1167 450 1252 quibus
471 1187 542 1229 eam
561 1166 688 1229 omnino
701 1165 910 1249 expetendam
922 1166 1062 1244 doceret,
1083 1179 1180 1251 atque

141 1282 324 1347 bominibus
346 1279 597 1364 commendaret.
633 1280 719 1360 Quid
741 1301 815 1343 vero
834 1280 891 1342 ille
918 1279 958 1342 de
987 1281 1082 1343 animi
1109 1292 1180 1365 post

140 1403 277 1459 mortem
298 1393 481 1460 conditione
503 1393 668 1471 statuerit,
699 1405 736 1457 ut
765 1393 805 1456 de
831 1393 949 1457 ceteris
978 1395 1179 1479 Cyrenaicis,

141 1531 204 1572 non
225 1508 344 1593 liquet;
380 1508 537 1591 placuisse
557 1528 631 1570 vero
654 1506 738 1572 hanc
760 1507 828 1569 eius
856 1507 1101 1593 philosophandi
1130 1530 1180 1572 ra·

140 1625 260 1687 tionem
280 1621 447 1707 permultis
469 1632 611 1697 constat,
642 1622 699 1705 qui
717 1622 908 1705 Hegesiacos
929 1643 995 1683 sese
1014 1623 1181 1686 nominan-

140 1750 206 1815 tes,
227 1736 370 1820 magistri
391 1736 508 1819 placita
529 1745 710 1798 constanter
729 1736 831 1798 secuti
853 1747 937 1799 sunt.
952 1732 978 1820 ¹)

184 1849 365 1936 Cyrenaicis
395 1848 599 1930 subjiciamus
630 1847 845 1932 Epicurum,
880 1850 971 1913 cuius
1001 1849 1179 1914 doctrinam

140 1987 255 2049 magna
274 1985 311 2026 ex
330 1973 420 2047 parte
439 1985 514 2026 curn
528 1963 660 2025 illorum
678 1963 802 2045 placitis
820 1963 1003 2026 convenisse
1022 1964 1177 2029 novimus.

140 2078 283 2142 Recessit
303 2089 410 2139 tamen
431 2075 471 2138 ab
498 2075 610 2138 iisdem
632 2097 705 2138 cum
721 2077 755 2139 in
776 2077 950 2155 albertum
970 2078 1004 2140 in
1025 2078 1179 2142 sententia

141 2191 180 2253 de
200 2188 466 2274 praemeditandis
488 2190 589 2253 malis.
635 2190 714 2277 Nam
747 2211 849 2274 quum
877 2191 946 2268 illi,
981 2202 1017 2253 ut
1032 2191 1178 2271 vidimus,
1258 2243 1261 2245 .

142 2317 265 2368 tantiun
287 2304 448 2387 inopinata
467 2304 501 2365 in
522 2303 612 2366 malis
630 2303 804 2381 baberent,
832 2303 970 2388 ideoque
992 2304 1178 2388 praeviden-

141 2418 195 2482 das
224 2439 290 2480 esse
313 2417 508 2480 calamitates
536 2417 707 2494 docerent,
740 2426 777 2479 ut
796 2438 836 2478 ne
855 2417 1022 2501 repentino
1041 2419 1179 2483 adventu

140 2532 274 2594 ferirent
296 2528 534 2608 vehementius;
565 2530 742 2614 Epicurus,
776 2531 968 2595 contrariam
991 2533 1180 2597 sententiam

140 2647 326 2729 amplexus,
350 2665 477 2707 necesse
500 2643 646 2722 dicebat,
671 2656 707 2706 ut
730 2666 836 2707 omnes
858 2645 891 2706 in
910 2645 1112 2730 aegritudine
1127 2668 1180 2708 es-

141 2771 222 2838 sent,
243 2760 442 2852 quicumque
464 2780 496 2820 se
514 2759 548 2820 in
569 2758 659 2819 malis
678 2779 745 2819 esse
764 2759 1017 2838 arbitrarentur,
1038 2761 1101 2823 sive
1122 2761 1179 2825 illa

141 2886 214 2937 ante
226 2873 350 2957 provisa
370 2883 401 2934 et
421 2882 601 2954 exspectata
624 2881 744 2948 essent,
768 2871 1121 2959 siveinveterassent32)
1148 2887 1180 2938 et

142 2989 324 3072 opinionem
343 2987 439 3064 mali,
469 2984 705 3070 aegritudinem
727 3006 793 3048 esse
815 2996 930 3049 natura
951 2987 1178 3066 arbitrabatur,

143 3113 178 3164 ut
197 3101 397 3187 quicumque
418 3100 599 3162 intueretur
618 3099 651 3160 in
672 3098 804 3183 aliquod
824 3098 926 3180 majus
946 3102 1081 3180 malum,
1101 3100 1125 3161 si
1145 3099 1180 3164 id

143 3215 201 3277 sibi
217 3214 371 3278 accidisse
389 3215 586 3297 opinaretur,
606 3211 758 3274 continuo
776 3224 857 3274 essct
876 3213 908 3275 in
929 3213 1141 3298 aegritudine.
1152 3210 1177 3301 ιον)

144 3322 251 3410 Quum
273 3349 347 3390 vcro
376 3349 500 3389 omnem
524 3307 742 3410 philosophiae
764 3323 860 3386 finem
882 3339 1014 3409 poneret
1035 3328 1069 3388 in
1090 3329 1180 3392 dolo·

94 3458 96 3462 ’
145 3445 184 3505 ris
208 3443 365 3505 vacuitate
395 3441 559 3525 animique
588 3439 838 3523 tranquillitate,
857 3435 882 3524 l¹)
914 3439 977 3503 boc
1006 3442 1180 3525 praecipue

148 3586 354 3597 ——--·-—-·-·-—·——·

178 3660 201 3721 ll
237 3650 404 3719 Diogsladrt.
424 3657 456 3706 ll.
473 3654 514 3705 85.

176 3752 202 3816 2)
238 3753 289 3801 Cic.
308 3753 383 3799 Tuae.
402 3750 494 3807 Q.111.
511 3747 551 3822 15.

176 3847 207 3911 3)
244 3847 294 3895 Cic.
314 3843 376 3893 lbid.
398 3841 500 3891 111.13.

124 4010 129 4021 .
177 3942 207 4005 4)
245 3941 301 3988 Vid.
317 3939 365 3986 hac
380 3937 411 3984 de
428 3951 454 3982 re
470 3934 594 3997 inprimis
613 3935 742 3999 Meyboom
760 3933 1052 4000 Conmentdepcrfhcto
1066 3942 1181 4002 sapiente

145 4050 167 4098 p.
179 4034 221 4084 92.
232 4049 289 4096 sqq.
307 4034 333 4080 in
350 4031 417 4078 Ann.
434 4029 512 4076 Acad.
530 4028 664 4091 lugd-Bet.
681 4025 749 4076 1836
760 4060 791 4069 -
802 4027 877 4077 1837,
