2648 4844
670 295 784 358 ll<

173 476 286 540 tudine
302 476 448 561 hemines
464 475 616 540 liberaret
634 494 756 560 eosque
771 472 811 537 ad
829 472 926 537 animi
945 472 1210 560 aequabilitatem

173 581 352 654 reduceret.
367 586 394 675 ¹)

648 843 676 925 s.
703 841 733 905 a.

547 1026 837 1092 Crantor

217 1219 258 1283 Et
285 1219 331 1282 sic
361 1217 493 1306 quidem
521 1218 555 1281 in
584 1217 786 1281 recensendis
816 1216 1047 1302 scriptoribus,
1081 1218 1139 1303 qui
1170 1218 1211 1282 de

174 1332 389 1397 consolatione
409 1341 566 1418 egerunt,
600 1342 711 1414 sponte
733 1331 935 1415 pervenimus
955 1329 996 1394 ad
1024 1331 1210 1396 Crantorem

173 1446 355 1524 Solensem,
387 1443 578 1509 Academiae
600 1443 847 1528 philosophum,
879 1455 976 1531 atque
1006 1444 1149 1507 omnium
1177 1445 1212 1507 in

173 1559 327 1624 hocloco
349 1558 528 1645 principem
549 1556 743 1632 habendum.
779 1556 866 1641 Quos
897 1558 981 1620 enim
1010 1556 1118 1622 adhuc
1144 1569 1212 1622 tra-

174 1674 328 1738 ctavimus
358 1671 581 1759 philosophos,
624 1671 726 1758 magis
757 1665 794 1760 *ab
815 1665 970 1757 παρέργῳ
1002 1671 1213 1735 consolatoria

173 1799 364 1872 argumenta
384 1786 544 1872 attigisse,
577 1807 674 1873 quam
698 1784 946 1850 consolationem
974 1785 1137 1870 scripsisse
1163 1783 1214 1849 di·

174 1899 269 1964 cendi
288 1911 373 1979 sunt,
397 1921 499 1986 quum
517 1899 566 1962 illi
589 1921 696 1963 omnes
722 1899 773 1960 vel
795 1896 834 1960 de
853 1897 950 1963 animi
967 1876 1213 1987 tranquillitate,

173 2011 286 2107 vel—de
307 2025 420 2094 morte,
441 2013 490 2075 vel
509 2011 549 2077 de
570 2012 675 2076 animo
694 2008 833 2076 humano
849 2009 1090 2096 disputaverint,
1111 2013 1215 2078 Crau—
1314 2063 1316 2069 .

174 2108 224 2189 tor
243 2147 316 2189 vero
333 2125 464 2205 libello,
488 2126 546 2214 qui
563 2125 799 2189 inscribebatur
820 2118 900 2208 oapi
915 2120 1076 2204 πένθους,
1099 2111 1214 2191 conso·

174 2239 257 2336 latus
267 2240 458 2324 Hippoclem
470 2237 631 2327 quendam
644 2237 684 2302 de
696 2248 797 2303 morte
808 2237 996 2318 liberorum,
1017 2240 1215 2323 argumentis

63 2412 65 2415 .
174 2353 343 2432 omnibus,
367 2374 450 2443 quae
468 2353 532 2440 ,ipsi
553 2347 811 2439 suppeditaverat
832 2350 1053 2441 philosophia,
1084 2353 1215 2438 egregie

174 2487 251 2529 usus
281 2476 338 2532 est.
373 2465 495 2547 Quodsi
524 2477 709 2553 reputamus
736 2465 944 2551 antiquorum
967 2463 1097 2559 dehoc
1116 2467 1215 2533 libel-

175 2578 207 2642 lo
229 2577 376 2663 judicia,
407 2591 440 2642 et
456 2579 607 2666 Diogenis
627 2579 744 2644 Laertii
770 2578 923 2644 dicentis:
951 2565 1157 2658 θαυμάζεται
1172 2573 1217 2651 ,δὲ

175 2678 277 2756 αὐτοῦ
290 2680 430 2773 μάλιστα
445 2688 573 2771 βιβλίου
587 2680 625 2755 τὰ
644 2689 723 2778 περὶ
739 2688 898 2772 πένθους,
910 2687 937 2777 ²)
957 2703 988 2754 et
999 2691 1160 2757 Ciceronis
1171 2691 1216 2756 ita

175 2802 361 2869 scribentis:
385 2802 532 2890 legimur
543 2825 654 2867 omnes
664 2803 861 2888 Crantoris,
877 2807 1001 2868 veteris
1010 2803 1217 2885 Academici,

69 2909 72 2916 ’
176 2913 216 2978 de
233 2915 344 2980 Laeto
352 2941 365 2994 3
392 2929 441 2980 eet
467 2920 558 2980 euim
573 2940 640 2981 ooo
656 2939 820 3004 magnus,
838 2939 955 2981 aarum
974 2918 1151 3011 aureolus,
1170 2932 1213 2998 et,

176 3043 216 3094 ut
226 3028 394 3094 Tuberoni
400 3029 596 3106 Panaetius
606 3033 792 3114 praecipit,
809 3008 1002 3094 adverbum
1020 3029 1215 3096 ediscendo:

180 3142 319 3206 libellas
327 3169 341 3221 ,-
354 3140 380 3230 ³)
402 3165 466 3207 uon
477 3143 625 3229 exiguam
638 3154 724 3207 certe
743 3143 874 3207 dolendi
885 3144 1041 3208 habemus
1060 3165 1214 3223 causeam,

211 3440 240 3506 1)
273 3443 324 3493 Cle.
342 3445 419 3493 Ture.
435 3445 466 3504 Q;
480 3444 511 3494 V.
525 3443 575 3508 80,
589 3443 631 3493 81.
648 3447 688 3493 De
704 3445 780 3494 etue
796 3445 830 3493 ll.
847 3443 881 3509 θ,
900 3442 925 3492 5.
943 3459 982 3508 aq.
996 3444 1026 3493 V.
1038 3441 1103 3504 ὅ,7
1135 3445 1216 3495 etde

176 3552 210 3588 eo
226 3539 305 3592 Liuia
320 3540 389 3588 laet.
404 3539 460 3587 Au.
477 3551 503 3603 p.
521 3536 573 3588 197
587 3552 643 3602 sqq.
971 3533 975 3539 “

211 3628 238 3696 2)
273 3629 553 3696 Dlog.baert.1V.27.
945 3664 947 3668 ι

211 3722 238 3788 θ)
274 3727 324 3774 Clo.
335 3726 416 3774 deod.
433 3725 466 3774 Π.
484 3725 526 3775 44.
540 3726 628 3774 Cicero
640 3738 744 3790 queque
758 3725 786 3773 ln
795 3723 969 3773 consolatione
983 3725 1217 3787 emdeobitn'lul·

178 3817 228 3866 liae
249 3819 376 3867 Crantoris
397 3819 491 3868 librum
506 3820 613 3888 tumme
630 3823 735 3868 remano
749 3823 807 3881 cet,
829 3817 940 3867 walthun
961 3817 1046 3867 Plinio
1060 3818 1131 3865 Hirt.
1151 3818 1216 3866 Not.

180 3911 268 3971 Preaf.
282 3916 310 3960 et
324 3913 476 3977 Hieronymo
489 3913 613 3979 Epiwplr.
627 3910 720 3978 tvopoe
732 3928 754 3960 c.
769 3910 796 3961 l.
812 3910 849 3962 ct.
860 3912 949 3961 tratri·
960 3911 1011 3959 mei
1024 3912 1117 3959 Cicera
1130 3904 1217 3982 φιλυ-

179 3987 307 4056 ninivem
337 4022 362 4070 p.
375 4004 435 4057 246.
449 4020 505 4069 sqq.
563 4054 575 4063 ,
