2648 4844
632 328 694 389 144

139 522 173 574 ut
194 532 289 600 aegre
310 510 431 584 ferant,
453 529 535 592 quae
558 508 752 575 acciderint:
778 529 861 591 quae
881 509 988 592 opinio
1015 531 1054 572 eo
1081 512 1179 595 magis
1251 514 1253 517 ’

138 624 261 710 lugenti
289 633 335 685 est
363 621 577 697 detrahenda,
616 642 715 706 quum
746 622 921 684 verissimas
948 607 1179 686 consolationes

138 739 283 822 recipere
306 757 379 800 eum
398 734 570 818 impediat,
593 746 691 819 atque
713 734 847 812 efficiat,
872 747 928 812 ut,
960 736 987 797 si
1005 737 1066 819 ipsi
1090 739 1180 800 nimis

138 851 326 925 indulserit,
347 848 463 913 deinde
485 870 578 917 omne
597 860 727 932 respuat
746 850 903 914 solatium.
933 851 989 913 His
1006 851 1110 935 igitur
1128 852 1180 914 de·

140 977 315 1027 monstrare
350 961 542 1025 studuerunt
576 961 775 1046 philosophi,
809 964 934 1026 luctum
962 982 1025 1026 non
1058 977 1178 1030 tantum

140 1078 286 1141 inutilem
317 1088 348 1139 et
378 1097 515 1154 vanum,
538 1076 593 1138 sed
623 1075 718 1138 etiam
752 1090 846 1161 turpe
876 1090 907 1140 et
933 1079 1007 1142 viris
1036 1101 1103 1142 esse
1134 1081 1178 1142 in·

139 1192 295 1277 dignum,
319 1212 419 1276 quum
441 1191 613 1252 mulierum
636 1201 666 1252 et
688 1189 897 1255 barbarorum
920 1193 1120 1275 potissimum
1144 1195 1178 1255 sit

141 1307 240 1384 ratio,
266 1317 301 1368 ut
323 1304 462 1368 lacrimis
484 1315 515 1366 et
537 1304 816 1370 lamentationibus
838 1305 1039 1390 indulgeant.
1086 1307 1178 1391 Apud
1221 1385 1226 1393 ἡ

140 1420 249 1505 Lycios
266 1419 349 1479 enim
366 1418 470 1501 legem
482 1439 549 1480 esse
565 1419 680 1496 latam,
694 1430 746 1496 ut,
765 1420 965 1504 quicumque
983 1421 1098 1505 lugere
1117 1422 1178 1483 vel-

140 1535 202 1610 let,
235 1521 424 1613 muliebrem
447 1530 596 1595 indueret
620 1543 758 1610 vestem;
789 1555 892 1619 eoque
913 1533 1113 1618 significasse
1135 1535 1177 1597 le·

140 1647 340 1732 gislatorem,
375 1645 517 1708 virorum
536 1645 663 1708 nomino
684 1645 831 1730 indignos
860 1669 945 1724 esse,
979 1650 1178 1734 quicumque

139 1763 189 1826 ita
210 1783 242 1822 se
268 1771 439 1844 gererent,
469 1780 586 1843 eosque
609 1760 642 1821 in
661 1761 834 1823 mulierum
852 1783 1021 1826 numerum
1041 1784 1112 1825 esse
1131 1785 1177 1825 re·

138 1874 298 1938 ferendos.
334 1874 424 1953 Quae
442 1873 543 1936 oratio
563 1894 659 1956 quam
671 1873 734 1936 vim
745 1873 831 1957 apud
841 1874 981 1939 Graecos
994 1875 1114 1939 babere
1126 1877 1177 1940 de·

139 1989 268 2065 buerit,
289 1987 345 2071 qui
364 1986 515 2050 barbaros
536 1986 701 2070 despicere
723 1988 878 2073 nulloque
896 1988 991 2052 modo
1008 2011 1062 2051 eos
1073 2011 1179 2053 secum

138 2099 368 2185 comparandos
388 2101 621 2177 existimantes,
643 2122 699 2163 sua
718 2113 843 2165 tantum
865 2103 983 2166 virtute
1005 2115 1038 2166 ct
1057 2104 1178 2168 Graeca

138 2216 262 2300 origine
282 2215 410 2298 gloriari
431 2213 589 2292 solerent,
609 2214 703 2278 facile
726 2215 862 2306 quisque
880 2194 1052 2301 intelliget.
1078 2218 1177 2297 Quam

139 2342 246 2394 autem
262 2328 453 2392 addiderunt
470 2329 630 2406 fabulam,
657 2329 793 2392 Luctum
813 2351 830 2392 a
849 2329 926 2392 Jove
946 2331 1094 2394 lacrimas
1123 2331 1177 2394 ho·

139 2446 277 2519 minum,
291 2454 442 2527 tanquam
452 2440 607 2505 sacrificia
620 2490 628 2519 ‚
640 2443 820 2526 accepisse,
839 2443 989 2528 ideoque,
1003 2466 1068 2528 quo
1082 2446 1177 2530 magis

139 2559 179 2620 ab
195 2556 376 2618 hominibus
400 2556 579 2632 coleretur,
613 2577 650 2618 eo
672 2555 778 2639 plures
801 2556 997 2619 calamitates
1022 2558 1060 2621 iis
1082 2559 1177 2621 infer·

141 2694 192 2748 re,
224 2671 356 2755 egregie
385 2668 440 2730 illa
470 2669 576 2730 luctus
604 2681 750 2732 naturam
780 2669 935 2753 explicat,
972 2672 1094 2756 quippe
1125 2673 1176 2756 qui

139 2786 213 2869 ipsis
232 2783 370 2846 lacrimis
387 2782 511 2866 saepius
530 2796 704 2869 augeatur,
725 2796 822 2869 atque
841 2783 983 2847 animum
1003 2784 1176 2850 humanum

138 2898 239 2984 magis
260 2882 426 2983 magisque
449 2897 609 2975 emolliat,
634 2909 669 2960 ut
696 2899 819 2961 minora
835 2895 942 2960 'etiam
971 2898 1054 2962 mala
1085 2920 1177 2984 aegre

139 3014 230 3077 ferat.
266 3011 362 3075 Plane
380 3022 488 3074 autem
504 3010 583 3074 baec
604 3012 713 3074 fabula
729 3010 769 3074 ad
786 3010 958 3074 mulierum
980 3024 1113 3096 captum
1135 3024 1177 3075 est

137 3127 330 3210 composita,
353 3124 573 3209 quaefacilius
591 3124 845 3201 narrationibus,
867 3146 965 3209 quam
982 3126 1177 3211 pbilosophis

139 3239 314 3302 rationibus
334 3237 525 3300 commoveri
550 3237 687 3316 soleant3
720 3239 872 3323 quocirca
897 3239 955 3301 rite
976 3239 1087 3303 eadem
1107 3262 1178 3303 usus

86 3341 93 3357 ⁵
140 3373 206 3416 esse
225 3353 352 3416 ridetur
373 3351 583 3427 Plutarchus,
608 3363 643 3414 ut
673 3373 803 3414 uxorem
824 3375 912 3417 suam
933 3375 950 3415 a
973 3354 1069 3417 nimio
1091 3353 1179 3418 luctu

139 3481 297 3532 avocaret.
310 3465 336 3553 ¹)

183 3583 294 3647 Prouti
310 3593 418 3644 autem
436 3578 636 3663 philosophi,
656 3591 692 3642 ut
709 3581 850 3664 aliquem
868 3581 909 3643 de
926 3583 1056 3666 cognati
1074 3582 1179 3645 morte

139 3697 399 3772 consolarentur,
412 3704 485 3756 ante
502 3688 606 3755 omnia
618 3693 850 3775 praeiudicatae
868 3695 1031 3778 opiniones
1051 3697 1178 3760 auferre

143 3911 282 3918 ..a—...a-.-
335 3910 340 3914 .

175 4046 189 4094 1
235 4047 270 4095 Cf.
290 4048 423 4108 Wyttenb.
440 4048 473 4094 od
489 4047 558 4097 Plot.
575 4048 648 4094 Coos.
664 4048 698 4095 ad
710 4047 794 4115 Apoll.
807 4039 835 4109 p.
854 4044 912 4094 112.
926 4048 947 4095 A
965 4048 1020 4096 Vol.
1040 4048 1177 4113 le.74·3.
