2648 4844
641 350 683 410 95

139 534 252 607 titulo,
273 529 305 592 ri
324 519 412 613 ἄριοι
420 552 455 591 or
470 519 576 614 γήρως
590 518 733 613 cipridem.
743 526 767 611 ¹)
793 530 940 590 Attamen
958 550 994 591 ex
1014 530 1080 612 ipsa
1094 530 1180 614 l‘rag·

139 659 320 709 mentorum
340 643 478 718 ratione,
505 662 587 724 quae
604 640 656 704 hic
678 642 746 704 illic
762 642 802 703 ab
821 642 961 725 antiquis
979 643 1178 721 referuntur,

139 783 202 823 non
224 782 260 820 ex
273 757 408 820 lllusonii
424 756 567 838 scriptis,
593 755 647 817 sed
669 757 774 838 potius
791 777 828 817 ex
847 754 1009 838 discipuli,
1030 755 1079 816 vel
1100 756 1180 819 alius

141 873 326 947 cuiusdam,
363 857 697 953 ἅπομιημωέιμάτων
724 869 868 932 desumta
890 869 1057 948 videntur,
1085 871 1180 955 quale

141 1009 220 1070 opus
250 985 290 1046 de
321 981 461 1044 llusooio
484 982 636 1043 exstitisse
659 984 821 1059 novimus,
846 1006 864 1046 a
885 982 1020 1048 Claudio
1037 984 1181 1046 Pollione

141 1102 274 1163 fortasse
301 1091 564 1179 conscriptum.²)
610 1098 699 1176 Quae
733 1099 757 1158 si
787 1098 829 1159 ita
856 1109 949 1174 suut,
976 1108 1079 1159 otest
1104 1120 1181 1181 per-

143 1236 239 1298 quam
259 1210 446 1296 probabile,
472 1221 568 1271 totam
592 1212 658 1272 eius
681 1211 719 1273 de
743 1221 906 1273 senectute
928 1210 1180 1294 disquisitionem

143 1328 297 1390 Stobaeus
327 1347 364 1387 ex
392 1323 476 1385 libro
502 1312 836 1408 ‹inoperproverqnirov
864 1323 1067 1407 descripsisse
1094 1325 1181 1388 vide·

144 1455 214 1518 tur,
251 1461 350 1525 quum
381 1437 507 1499 initium
540 1435 647 1498 adesse
676 1447 819 1515 constet,
855 1460 960 1522 neque
991 1460 1099 1502 caussa
1122 1440 1180 1517 sit,

145 1576 243 1639 quare
274 1553 370 1615 finem
398 1552 427 1612 ei
455 1549 563 1612 adesse
592 1572 697 1633 neges.
733 1553 769 1613 ln
796 1551 975 1635 fragmento
997 1565 1104 1615 autem
1125 1553 1181 1617 illo

144 1668 303 1730 Musonius
329 1666 395 1726 seni
426 1662 552 1725 cuidam
579 1666 722 1746 roganti,
769 1663 846 1747 quid
879 1667 1033 1748 optimum
1065 1668 1105 1728 sit
1133 1689 1182 1729 se-

146 1781 280 1843 nectutis
309 1780 483 1852 neticam,
513 1776 709 1858 respondisse
742 1778 950 1861 proponitur:
975 1769 1012 1840 ad
1034 1777 1090 1861 ζῇν
1114 1771 1181 1859 ddqi

144 1896 196 1954 καὶ
219 1885 301 1954 κατὰ
322 1881 435 1977 qriorv,
470 1889 650 1975 significare
672 1903 777 1954 autem
797 1891 901 1968 illud,
927 1892 1046 1954 homini
1067 1893 1183 1954 nonin

114 2087 120 2094 ἡ
147 2005 380 2089 voluptatibus,
408 2003 462 2065 sed
482 2004 598 2066 virtute
620 2026 686 2065 esse
708 2005 889 2070 vivendum.
922 2004 1034 2085 Quoad
1053 2004 1183 2088 cupidi-

146 2117 223 2182 tates
246 2121 350 2195 enim,
374 2120 418 2180 sic
435 2119 561 2202 pergit,
586 2117 679 2180 liomo
700 2119 740 2181 ad
758 2129 874 2181 terram
893 2121 1049 2202 pertinet,
1076 2119 1183 2203 quoad

146 2236 279 2296 virtutes
300 2243 330 2294 et
349 2231 489 2295 indolem
507 2253 607 2309 suam,
627 2228 755 2313 μίμημα
770 2244 816 2294 est
834 2232 892 2295 rori
908 2234 1000 2294 aaut.
1025 2233 1066 2294 Ut
1083 2233 1183 2317 igitur

146 2349 218 2433 quis
251 2344 547 2410 secundum-suam
589 2356 733 2408 naturam
767 2347 869 2423 vivat,
906 2346 1055 2408 virtutem
1090 2347 1182 2409 unice

146 2462 273 2535 colere,
295 2459 490 2545 voluptatem
509 2481 583 2523 vero
603 2460 716 2544 lugere
731 2459 847 2537 debet,
872 2460 978 2543 prouti
1001 2460 1103 2537 Deus,
1127 2461 1183 2543 qui
1229 2521 1232 2527 ,

147 2596 223 2659 prae
249 2574 421 2638 virtutihus
440 2576 503 2636 suis
519 2568 624 2658 n‘eque
644 2574 805 2657 voluptate
827 2595 933 2658 neque
953 2573 1183 2657 cupiditatibus

146 2701 202 2752 aut
232 2688 351 2750 invidia
382 2699 519 2752 tenetur.
556 2687 649 2768 Quod
675 2689 699 2749 si
721 2688 938 2767 injuventute
962 2688 1032 2771 quis
1052 2688 1181 2765 lecerit,

146 2803 186 2865 ad
217 2813 414 2865 senectutem
448 2823 652 2885 progressus,
676 2823 740 2864 non
762 2778 857 2883 aegre
890 2802 971 2864 seret
1006 2803 1183 2884 voluptates

147 2918 294 2993 amissas,
328 2937 432 3000 neque
455 2916 597 2998 corporis
625 2913 862 2991 infirmitatem,
895 2935 1003 2997 neque
1036 2904 1182 2991 caetera,

148 3051 231 3115 quae
243 3039 415 3106 vocantur,
433 3028 513 3093 mala
526 3077 535 3106 ,
548 3029 700 3115 quoniam
711 3027 742 3088 in
763 3029 875 3110 seipso
892 3028 1043 3111 optimam
1054 3026 1184 3089 habebit

147 3144 360 3220 medicinam,
389 3135 445 3226 τὴν
465 3141 616 3205 παιδείαν
632 3134 688 3228 τὴν
709 3130 927 3227 ὑπάρχουσαν.
962 3141 995 3203 Si
1016 3162 1089 3203 vero
1113 3140 1185 3225 quis

147 3259 181 3318 in
206 3257 374 3338 ¹juventute
397 3256 459 3318 hoc
488 3255 682 3339 neglexerit,
714 3275 806 3315 senex
838 3254 925 3317 adire
948 3261 1051 3339 potest
1081 3254 1185 3339 philo-

151 3473 156 3478 .
175 3471 354 3478 -..-———.—-

182 3582 209 3645 1)
245 3585 314 3634 Stob.
326 3584 395 3631 Flor.
414 3584 454 3630 tit.
471 3581 530 3645 117,
544 3582 561 3630 8
576 3583 619 3630 Ed.
637 3583 711 3629 Gaius.

183 3676 209 3740 2)
245 3679 364 3726 Pluribus
379 3679 428 3724 hoc
447 3678 550 3740 exponit
574 3677 600 3724 P.
620 3675 768 3725 Nienwland
796 3677 908 3723 Dissert.
930 3675 959 3722 de
978 3677 1098 3723 Musonio
1120 3676 1188 3735 nuso

148 3773 210 3820 edit.
227 3787 241 3820 a
260 3772 328 3820 doct.
343 3773 490 3820 Venhuizen
506 3771 654 3834 Peerlkamp
672 3786 696 3833 p.
707 3768 740 3831 53
753 3786 808 3832 sqq.
830 3801 861 3808 —
879 3770 985 3816 Musonii
996 3774 1104 3816 aetatem
1120 3769 1187 3817 idem

149 3867 228 3914 refert
243 3865 274 3913 ad
289 3868 413 3929 Augusti,
432 3866 525 3913 Tiberii
543 3870 570 3910 et
589 3865 751 3926 sequentium
771 3864 956 3926 Imperatorum
972 3867 1085 3924 tempora
1101 3879 1126 3925 p.
1143 3861 1184 3910 10.

149 3959 234 4006 cende
245 3959 333 4006 eodem
357 3961 487 4007 Heerenua
503 3960 592 4006 Corum.
606 3957 711 4016 defont.
731 3958 809 4019 eclog.
828 3956 895 4003 Stol.
919 3957 945 4002 in
964 3956 1026 4004 edit.
1045 3972 1089 4004 sua
1107 3957 1133 4004 T.
1150 3957 1184 4003 11.

150 4053 176 4098 P.
193 4053 226 4099 11.
242 4070 265 4115 p.
280 4051 339 4101 205.
