2648 4844
639 323 680 386 1ιο

143 504 339 570 carnassensi
360 501 469 586 aliquo
497 501 591 568 modo
611 503 810 567 satisfactum
828 512 893 579 est,
913 500 1009 563 ‘ornus
1031 495 1180 580 μέθοδος

142 608 325 698 ἐπιταφίων
344 614 507 700 hodieque
526 626 636 681 exstat.
659 616 731 699 lpse
747 615 861 680 Cicero
878 614 985 690 etiam,
1008 610 1083 675 data
1103 631 1178 693 ope-

142 747 199 803 ra,
230 725 318 791 hunc
350 729 458 793 locum
489 730 635 793 tractarit
665 729 772 814 deque
798 749 835 790 eo
855 727 985 813 egregie
1006 726 1125 788 meruit
1146 725 1179 786 in

137 839 390 921 vQuaestionibus
402 842 601 922 Tusculanis,
621 864 721 927 quae,
744 854 780 906 ut
799 863 922 905 summo
940 839 1073 926 quidem
1083 839 1179 924 Wyt-

142 954 312 1022 tenbachio
337 955 462 1025 videtur
475 1005 484 1035 ,
498 953 523 1043 ¹)
548 957 643 1042 plane
661 957 702 1021 ad
724 958 879 1020 rationem
899 940 1005 1017 admon
1026 972 1178 1035 παραμυ-

141 1066 294 1152 tionem&
319 1091 337 1132 a
360 1070 528 1137 Posidonio
548 1072 723 1156 designati,
750 1071 930 1154 descriptae
952 1077 1036 1132 sunt.

184 1179 329 1266 Apparet
345 1183 414 1266 jam
436 1184 671 1270 quodammodo
693 1206 730 1249 ex
752 1183 840 1248 hisce
862 1183 992 1267 paucis,
1021 1202 1106 1267 quae
1127 1192 1179 1245 at-

137 1293 296 1374 tulimus,
317 1319 382 1394 quo
398 1298 523 1362 locoab
541 1299 682 1384 antiquis
703 1297 812 1361 hahita
833 1299 873 1361 sit
895 1296 1080 1361 consolatio.
1106 1296 1178 1376 Quo

40 1438 44 1446 ·
138 1409 242 1492 magis
265 1418 312 1473 est
331 1411 514 1476 mirandum
538 1433 575 1475 ex
598 1412 830 1476 recentioribus
860 1412 1020 1474 neminem
1049 1410 1176 1487 adhuc,

141 1520 249 1606 quoad
270 1524 380 1604 sciam,
403 1523 443 1589 de
465 1525 621 1590 industria
640 1525 728 1592 hunc
743 1524 966 1610 philosophiae
987 1524 1097 1588 locum
1114 1535 1177 1586 tra-

140 1644 252 1718 ctasse,
273 1657 481 1723 nequaquan
499 1640 709 1724 antiquorum
730 1640 763 1702 in
786 1661 822 1702 ea
839 1639 961 1702 fuerint
977 1639 1104 1715 merita,
1122 1658 1179 1700 er·
1200 1675 1205 1680 -

138 1750 293 1836 posuisse.
303 1747 330 1835 2)
355 1752 506 1842 Novimus
528 1755 624 1832 enim,
646 1774 731 1838 quae
753 1754 793 1816 sit
805 1753 968 1838 religionis
984 1751 1180 1817 Christianae

142 2040 144 2044 V
175 1969 200 2038 1)
237 1977 369 2040 Wyttenh.
387 1976 420 2028 ad
437 1977 504 2028 Plus.
527 1978 599 2027 Coos.
619 1977 654 2024 ad
677 1978 760 2042 Apoll.
781 1977 838 2025 Vol.
857 1977 900 2024 ul.
924 1992 949 2040 p.
968 1975 1028 2025 699.
1054 1975 1084 2022 ln
1105 1974 1180 2022 tertio

138 2073 224 2116 autem
248 2075 275 2117 et
290 2075 381 2133 quarto
405 2070 603 2119 Tusculanarum
628 2072 693 2119 libro
715 2071 742 2119 in
770 2071 857 2135 primis
884 2071 1051 2134 Chrysippum
1077 2074 1180 2116 secutus

140 2177 195 2209 esse
212 2161 299 2211 Cicero
314 2164 414 2211 videtur
427 2164 462 2212 el.
481 2165 557 2212 Balio
571 2166 647 2228 Disp.
662 2165 694 2212 de
710 2165 850 2212 Posidonio
866 2181 890 2228 p.
907 2163 967 2226 196,
984 2164 1026 2211 cui
1041 2162 1180 2210 assentitur

55 2286 56 2289 =
138 2257 237 2318 baguet
248 2257 336 2306 Cosam.
348 2257 379 2305 ds
391 2258 531 2322 Chrysippo
546 2275 571 2322 p.
584 2258 643 2308 299.
664 2260 815 2308 Goerensius
830 2274 890 2306 vero
900 2259 931 2307 ad
941 2259 991 2306 Cic.
1003 2256 1079 2304 head.
1092 2257 1125 2305 11.
1137 2253 1179 2318 44,

140 2351 408 2402 neeromantia
423 2334 468 2401 ha.
479 2354 525 2402 nr.
536 2355 609 2405 ruse.
627 2355 754 2402 craneus
765 2355 859 2404 risam
872 2342 939 2423 περὶ
954 2338 1086 2415 πένθους
1101 2366 1180 2413 aaa

139 2449 222 2498 totum
232 2447 415 2510 auumtectsss,
434 2463 499 2510 quae
515 2448 607 2511 rerba,
628 2449 676 2496 etsi
692 2464 751 2496 cum
766 2448 810 2497 illa
830 2447 956 2496 sententia
978 2462 1091 2510 pugnare
1111 2446 1183 2493 vide-

139 2544 232 2602 antur,
253 2541 347 2605 optime
358 2546 442 2590 tantm
452 2557 510 2589 cum
526 2540 570 2588 illa
579 2541 711 2589 conciliari
724 2545 838 2606 possunt.
858 2541 945 2588 Cicero
963 2541 1031 2587 enim
1046 2539 1181 2588 scribendo

139 2633 186 2681 illo
200 2649 276 2700 opere
290 2635 399 2698 respexit
415 2635 498 2683 ubivis
512 2630 617 2683 aureum
637 2635 710 2683 illum
727 2635 855 2688 Crantoris
871 2634 996 2695 libellum,
1008 2650 1085 2696 quem
1099 2634 1182 2682 laudi-

140 2729 190 2777 bus
199 2730 298 2793 saepius
308 2729 414 2792 extulit,
434 2730 558 2793 cuiusque
573 2730 660 2793 plures
674 2731 812 2778 sententias
827 2746 856 2778 ac
873 2729 1020 2777 consolandi
1033 2735 1182 2789 argumenta

75 2879 77 2883 ‚
143 2823 171 2870 in
181 2823 247 2870 libro
260 2823 306 2870 illo
323 2824 440 2872 servarit.
458 2824 596 2886 Conjunrit
615 2830 699 2871 tamen
716 2839 774 2872 curn
788 2824 865 2872 huius
883 2823 984 2887 placitis
993 2822 1134 2871 Stoicorum
1150 2823 1182 2871 de

139 2916 375 2980 perturbationibus
391 2918 470 2970 animi
480 2918 636 2980 doctrinan,
655 2922 685 2966 ut
698 2918 885 2979 aegritudinem
901 2918 928 2965 in
941 2917 1081 2980 sapientem
1090 2917 1181 2964 cadere

140 3028 193 3063 nou
212 3028 284 3076 posse
300 3014 462 3076 ostenderet,
478 3017 556 3077 atque
573 3013 608 3082 ita
623 3012 740 3061 refellere
754 3012 855 3061 studuit
870 3011 998 3060 Crantoris
1012 3012 1181 3072 sententiam,

140 3107 185 3169 qui
202 3107 332 3154 naturales
344 3121 398 3152 esse
417 3107 539 3155 docuerat
552 3106 701 3153 affectiones
717 3106 804 3168 animi,
823 3106 953 3168 magisque
969 3106 1137 3170 Chrysippum
1156 3111 1183 3153 et

142 3198 239 3246 Stoicos
251 3204 369 3260 secutus,
386 3215 438 3245 non
447 3203 537 3247 natura
551 3200 594 3247 sed
608 3199 728 3263 opinione
738 3205 854 3248 constare
870 3199 1056 3261 aegritudinem
1065 3199 1183 3247 eandem·

142 3308 193 3355 que
206 3292 349 3341 voluntarie
368 3293 463 3356 suscipi
482 3293 586 3341 uberius
604 3293 734 3357 explicuit.
777 3322 780 3328 ,

175 3383 203 3450 2)
238 3388 353 3435 Fuerunt
368 3387 487 3451 quidem,
513 3387 608 3451 quide
633 3387 849 3435 consolationibus
869 3387 1034 3449 antiquorum
1058 3384 1182 3448 quaedam

141 3488 290 3545 monerent,
318 3498 370 3529 non
386 3497 446 3529 vero
462 3482 506 3544 qui
526 3486 609 3529 totum
622 3481 696 3529 illum
714 3481 870 3544 explicarent
891 3461 985 3529 locum.
1022 3480 1051 3527 In
1068 3480 1108 3527 his
1124 3497 1183 3528 cen·

141 3575 234 3629 sendus
253 3581 291 3624 est
309 3576 399 3627 Petrus
419 3575 540 3639 haene,
552 3575 636 3638 quiin
654 3576 867 3623 commentatione
885 3575 915 3622 de
929 3573 1061 3637 Ncpsottre
1078 3575 1185 3621 Homeri

142 3671 260 3738 (Gronov.
280 3670 355 3720 Thes.
371 3670 432 3718 Aut.
454 3671 498 3718 Gr.
515 3670 564 3717 rol.
584 3665 637 3732 XI.)
657 3685 712 3733 cap.
729 3667 745 3716 3
760 3668 790 3716 de
807 3668 980 3716 consolatione
995 3683 1088 3729 agens,
1104 3669 1184 3729 magis

142 3766 253 3817 musicae
272 3781 349 3830 quarn
370 3764 545 3831 philosophiae
565 3764 616 3812 vim
640 3763 671 3813 ud
693 3763 816 3812 sedandos
835 3763 937 3811 dolores
956 3763 1089 3826 spectavit.
1114 3764 1182 3810 llier.

83 3900 87 3916 ,
143 3863 270 3910 Cardenus
289 3862 320 3909 ds
340 3862 515 3909 Consolatione
535 3860 599 3907 titas
616 3860 669 3908 111.
688 3859 812 3910 nonusdla
828 3860 931 3922 quidem
947 3859 1111 3920 antiquorum
1128 3859 1184 3906 loca

142 3957 244 4019 attulit,
263 3958 307 4005 sed
319 3957 415 4018 magis,
434 3961 464 4003 ut
482 3972 551 4004 suam
568 3956 730 4004 confirmaret
750 3955 919 4020 sententiam,
939 3969 1014 4015 (luam
1034 3953 1184 4000 utiliorum

143 4052 169 4098 in
185 4052 233 4099 hoc
249 4051 306 4099 loco
325 4051 573 4112 meriturindugarct.
593 4050 669 4110 llagis
682 4049 707 4097 id
725 4049 836 4098 attendit
854 4049 876 4096 l.
894 4049 919 4095 C.
935 4049 963 4095 G.
982 4047 1081 4095 Ernesti
1097 4060 1184 4095 suscr-
