2648 4844
700 308 742 369 ts
848 351 854 363 ,

206 487 323 573 ΜΛ)
343 488 593 571 Quamcunque
607 488 709 572 igitur
719 486 760 550 de
770 497 873 549 morte
882 487 1028 571 sequeris
1038 489 1236 567 sententiam,
1306 442 1309 447 Ι

204 603 335 664 minime
356 601 477 665 malum
504 599 560 662 sed
588 600 710 663 honum
738 599 912 666 videbitur.
958 600 992 662 Si
1014 621 1089 664 sero
1111 600 1237 666 dubitas

204 736 329 777 morsne
347 716 430 778 vitae
448 715 488 776 sit
507 713 736 797 praeferenda,
759 713 1004 797 contemplanda
1025 726 1071 776 est
1092 716 1157 778 vita
1179 715 1236 784 hu·

203 850 307 906 mana,
329 829 504 902 innumeris
534 827 767 891 calamitatibus
788 839 821 889 et
847 828 1007 889 aerumnis
1028 830 1173 911 repleta,
1203 840 1237 892 ut

202 940 282 1004 adeo
301 941 395 1004 multi
412 942 502 1025 iique
513 942 670 1025 sapientes
689 941 747 1003 viri
763 940 999 1024 deploraverim
1011 962 1060 1002 res
1071 940 1236 1019 humanas,

202 1055 398 1138 supplicium
415 1053 598 1136 judicantes
619 1076 688 1117 esse
707 1054 791 1117 hanc
809 1055 917 1130 sitam,
940 1075 1082 1116 summae
1103 1054 1237 1117 calami-

202 1168 275 1231 tatis
295 1169 366 1231 loco
385 1167 528 1232 dicentes
548 1169 638 1231 nasci
660 1168 833 1231 hominem.
846 1163 873 1252 ²)
909 1164 999 1230 Idem
1026 1189 1160 1252 quoque
1178 1168 1237 1253 ipsi

201 1283 307 1346 testari
328 1293 403 1345 sunt
422 1282 492 1359 Dii,
512 1293 582 1344 tum
603 1281 750 1365 exemplo
765 1279 924 1344 Cleohidis
946 1302 984 1343 ac
1002 1281 1142 1359 Bitonis,
1167 1282 1234 1367 qui,

200 1393 305 1457 Deum
324 1406 476 1478 precante
497 1407 617 1473 matre3
646 1407 682 1457 ut
701 1394 775 1456 filiis
797 1393 888 1457 daret
909 1393 948 1459 ad
971 1395 1237 1458 remunerandam

201 1528 314 1570 eorum
345 1508 514 1591 pietatem,
548 1507 635 1592 quod
664 1506 786 1571 homini
815 1518 896 1570 esset
925 1509 1100 1593 optimum,
1131 1510 1237 1572 statim

200 1621 318 1683 mortui
338 1633 429 1690 sunt:
453 1633 522 1684 tum
532 1619 703 1706 Agamedis
722 1633 753 1684 et
774 1621 959 1706 Trophonii,
981 1641 1040 1706 qur
1054 1620 1237 1704 Apollinem

200 1735 344 1818 precati,
367 1745 404 1798 ut
430 1734 489 1827 sibi
519 1735 631 1818 templi
657 1734 816 1798 aedificati
842 1733 1024 1796 mercedem
1045 1733 1157 1812 daret,
1183 1757 1237 1797 re-

200 1869 314 1932 sponso
332 1858 477 1932 accepto,
500 1848 634 1931 septimo
653 1869 685 1909 se
704 1847 756 1910 dic
775 1870 844 1910 eam
863 1869 930 1909 esse
951 1849 1145 1924 soluturum,
1166 1858 1237 1931 post

198 1972 320 2044 septem
341 1961 408 2025 dies
428 1972 563 2024 mortem
582 1961 750 2040 ohiemnt3
776 1972 845 2024 tum
867 1961 963 2024 etiam
982 1961 1125 2038 oraculo,
1147 1959 1237 2044 quod

192 2075 325 2158 accepit
336 2075 507 2138 Terinaeus
526 2074 669 2160 Elysius,
693 2074 769 2159 qui,
793 2096 895 2159 quum
913 2076 1052 2159 graviter
1072 2073 1128 2136 titii
1150 2095 1236 2136 mor·

200 2197 266 2249 tem
286 2199 464 2265 moereret,
494 2199 526 2250 et
545 2189 681 2249 venisset
701 2188 735 2250 in
758 2163 1236 2272 psychomantium,'quaerens

199 2321 283 2385 quae
304 2300 416 2363 luisset
437 2311 543 2364 tantae
561 2301 750 2364 calamitatis
769 2322 876 2379 eausa,
899 2301 932 2363 in
955 2301 1072 2363 tabulis
1091 2311 1156 2362 tres
1174 2300 1235 2363 hu-

197 2413 334 2477 iusmodi
355 2415 481 2498 accepit
502 2415 696 2478 versiculos:
724 2478 728 2483 ,

292 2576 438 2664 Ignaris
449 2577 606 2651 domines
620 2581 661 2641 -irs
680 2581 756 2642 sita
776 2579 946 2643 mentitus
968 2592 1113 2642 erraret:

292 2690 500 2775 Euthynous
513 2695 672 2786 potitor,
688 2691 852 2785 sotorum
874 2695 1022 2769 nurnine,
1046 2692 1121 2758 leto.

291 2802 351 2871 Sic
366 2803 447 2891 fuit
465 2805 723 2898 ‚utilius'finirs'
746 2809 899 2897 ipsique,
923 2806 1060 2891 tibique.
1073 2802 1098 2890 3)

196 2986 358 3072 Adjeoissc
393 3000 502 3052 autem
538 2988 587 3051 his
626 2987 751 3050 videtur
785 2988 918 3051 Crantor
946 3008 1036 3050 suam
1065 2985 1105 3049 de
1131 2998 1235 3049 morte

196 3102 396 3165 sententiam.
426 3100 567 3165 Platonis
590 3101 673 3163 enim
693 3100 824 3186 vestigia
843 3122 1001 3184 premens,
1024 3100 1166 3163 animum
1185 3098 1235 3162 di·

231 3368 256 3438 l)
291 3377 358 3425 Plut.
385 3376 450 3425 Ihid.
473 3391 498 3439 p.
513 3373 563 3423 107
579 3391 646 3439 sqq.‚
666 3392 742 3440 quam
755 3376 908 3424 sententiam
924 3377 1078 3425 eCrantoris
1093 3375 1161 3424 libro
1176 3391 1235 3423 mn-

194 3474 279 3519 tuasse
292 3471 393 3519 videtur
408 3470 562 3518 Schneidero
576 3469 594 3516 1.
611 3470 629 3516 l.
646 3485 671 3533 p.
686 3468 746 3519 844.

229 3560 256 3627 2)
291 3565 358 3612 llaec
384 3563 511 3612 Crantoris
530 3562 608 3610 serbe
632 3563 711 3610 refert
735 3563 802 3610 Plut.
826 3561 890 3612 thid.
912 3579 937 3626 p.
958 3561 1019 3610 trs.
1037 3563 1065 3610 s.
1090 3560 1234 3610 Verisimile

194 3661 243 3721 est,
249 3657 323 3705 illum
333 3658 373 3706 his
385 3656 511 3706 addidisse
524 3655 693 3703 narrationem
706 3655 739 3703 de
752 3654 862 3704 Silenos
874 3656 939 3704 tuda
952 3662 1037 3720 capto,
1051 3671 1127 3719 qnam
1135 3656 1169 3702 'in
1183 3656 1236 3704 Eu·
1277 3653 1286 3664 “

195 3750 269 3800 demo
282 3751 315 3800 ab
332 3750 469 3800 Aristotele
486 3749 640 3813 propositam
652 3748 745 3797 deinde
758 3751 837 3797 refert
849 3750 1010 3800 Plutarchus.
1031 3751 1076 3798 ΕΗ.
1093 3749 1234 3797 Schneider

195 3844 213 3893 l.
230 3844 247 3893 l.
265 3862 290 3910 p.
307 3843 367 3895 847.
384 3849 411 3893 et
426 3845 480 3893 Van
496 3818 622 3907 llysewyk
641 3859 666 3907 p.
681 3840 725 3892 67.

226 3935 255 4001 8)
291 3941 343 3989 cic.
360 3941 434 3987 Tusa.
453 3938 484 3997 Q.
495 3940 515 3986 1.
527 3937 568 3987 48.
586 3938 629 3986 ubi
643 3938 692 3986 hoc
707 3924 853 3986 eCrantore
872 3953 899 3986 se
918 3943 1062 3987 mutuatum
1080 3952 1135 3986 esse
1159 3936 1233 3986 dicit.

193 4033 290 4082 Graece
308 4032 396 4082 eadem
411 4032 534 4094 leguntur
551 4031 619 4096 apud
637 4032 704 4080 alut.
718 4032 741 4080 ⁴l.
758 4032 776 4087 l,
793 4047 819 4095 p.
836 4031 895 4081 109.
