2648 4844
718 319 760 380 86

221 479 356 568 gitque,
374 491 409 542 ut
431 477 630 562 loqueretur,
654 483 801 559 urgeret,
825 471 905 535 haee
926 469 1062 534 dixisse:
1097 466 1263 545 Δαίμονος

220 581 384 660 ἐπιπόνου
411 586 471 673 καὶ,
493 576 592 671 τόγας
617 583 761 670 χαίεπῆς
793 572 957 670 ἐφήμερον
979 578 1128 667 σπέρμα,
1162 576 1196 642 τί
1222 598 1266 659 με

220 695 384 789 βιάζεσθε
405 696 515 783 λέγειν,
539 687 652 775 ἀὑμῖν
673 687 783 783 <iram
810 688 854 784 μὴ
879 694 1013 780 pruinam
1036 681 1108 772 μετ’
1133 682 1265 776 ἀγνοίας

220 810 283 905 γοὶρ
317 813 381 878 τῶν
407 808 534 876 οἰκείων
563 808 666 872 κακῶν
697 798 902 882 ἀλυπότατος
932 799 949 870 ὁ
981 803 1068 887 βίος.
1118 792 1264 890 Ἀνθρώ-

222 949 301 1001 nota
323 924 360 992 δὲ
380 914 518 1004 πάμπαν
540 913 597 986 οὐκ
623 915 693 985 ἔστι
717 918 871 1005 γενέσθαι
893 909 932 985 τό
959 906 1087 981 πάντων
1114 906 1263 1001 ἄριστον,

224 1029 301 1104 οὐδὲ
326 1039 496 1119 μετασχεῖν
517 1034 574 1121 τῆς
598 1032 658 1097 τοῦ
685 1030 856 1114 βελτίστου
879 1019 1022 1117 φόσεοις·
1046 1017 1180 1112 ἄριστον
1200 1014 1262 1110 γὰρ

224 1148 309 1213 πᾶσι
331 1144 385 1209 καί
406 1135 528 1218 πάσαις
548 1137 586 1208 τό
609 1136 654 1230 μή
676 1141 838 1229 γενέσθαι·
860 1133 899 1205 τό
926 1138 1034 1220 μέντοι
1060 1127 1143 1218 μετα
1163 1134 1262 1197 τοῦτο

223 1258 277 1322 καὶ
308 1253 346 1323 τό
380 1252 512 1346 πρῶτον
542 1258 606 1320 τῶν
637 1248 741 1321 diliana
773 1244 921 1331 donnatis,
955 1240 1107 1336 δεύτερον
1138 1245 1190 1325 δὲ,
1224 1235 1275 1332 τόο

222 1367 411 1453 γενομένους
432 1358 612 1432 duroman·
633 1358 679 1440 ὠς
699 1356 876 1452 σοφισταί)
903 1366 982 1430 (lum
1004 1375 1111 1426 antem
1133 1383 1172 1424 ex
1199 1360 1270 1423 hoe·

222 1482 401 1566 fragmento
430 1491 602 1565 appareat,
632 1479 834 1542 Aristotelem
855 1489 990 1542 mortem
1011 1476 1133 1539 homini
1161 1473 1261 1559 magis

223 1616 322 1680 quam
340 1594 437 1657 vitam
456 1568 666 1678 expetendam
685 1594 903 1678 proposuisse,
927 1589 1084 1677 quaedam
1106 1588 1170 1651 hoo
1189 1585 1260 1650 loco

204 1728 207 1733 ’
223 1707 264 1772 de
275 1708 357 1771 ritae
368 1706 526 1772 humanae
539 1707 672 1770 miseriis
684 1709 843 1770 monuisse
855 1705 982 1769 videtur
995 1754 1004 1783 ,
1016 1703 1116 1789 idque
1127 1724 1166 1764 eo
1177 1702 1260 1764 veri-

225 1821 370 1899 similius,
391 1820 479 1904 quod
492 1820 572 1883 haee
588 1822 618 1882 ei
629 1819 670 1882 ah
681 1821 820 1905 antiquis
832 1820 986 1882 tribuitur
997 1817 1163 1894 sententia,
1176 1836 1260 1900 quae

222 1934 354 1998 sortasse
374 1934 415 2024 ¹in
443 1931 585 1996 Eudemo
611 1933 692 1995 luit:
726 1929 759 1994 τί
781 1921 844 2017 γάρ
867 1927 952 1994 ἐστιν
973 1919 1168 2015 ἅνθρωπος,
1189 1918 1260 1992 Ἀσ-

221 2041 353 2117 θενείας
375 2033 570 2128 ὑπόδειγμα,
592 2043 708 2130 καιροῦ
728 2031 890 2129 λάφυρον,
913 2030 1011 2126 τόχης
1025 2035 1182 2123 παίγνιον,
1204 2058 1259 2119 με·

221 2142 421 2226 ταπτιόσεαις
446 2147 551 2232 εἰκών,
584 2139 715 2241 φθόνου
742 2153 796 2216 καὶ
821 2150 996 2239 συμφορᾶς
1022 2137 1195 2234 πίόστιγξ,
1222 2138 1260 2213 τό

182 2312 186 2316 -
210 2260 260 2328 ’δὲ
286 2254 401 2328 λοιπόν
427 2261 558 2349 φλέγμα
578 2262 631 2327 καί
652 2252 740 2354 χολή.
758 2261 784 2351 ²)

268 2377 306 2440 ln
322 2376 383 2440 hoe
400 2376 476 2438 item
496 2375 623 2462 dialogo
634 2378 819 2442 Aristoteles
838 2377 910 2441 data
927 2398 1024 2462 opera
1040 2397 1148 2439 veram
1163 2375 1258 2440 animi

222 2488 364 2552 indolem
386 2489 580 2573 exploravit,
612 2512 747 2576 eamque
769 2491 1023 2575 disquisitionem
1049 2511 1114 2553 non
1140 2511 1179 2552 ex
1204 2511 1257 2552 na·

222 2609 320 2665 turae'
338 2602 556 2666 observatione
577 2603 734 2690 instituit,
765 2604 852 2689 quod
873 2604 951 2667 feeit
971 2602 1087 2666 deinde
1107 2603 1142 2665 in
1163 2623 1258 2688 opere

223 2713 264 2776 de
284 2716 411 2793 anima,
444 2715 498 2779 sed
519 2717 564 2781 ita
583 2728 619 2780 ut
641 2714 681 2779 de
702 2718 799 2781 animi
828 2718 862 2780 in
888 2738 1004 2802 eorpus
1025 2715 1183 2781 descensu
1203 2715 1258 2780 de-

258 2985 284 3050 1)
320 2990 386 3038 Plnt.
402 2990 474 3039 θυαε.
496 2991 531 3038 στί
551 2992 635 3054 Apoll.
652 3007 677 3054 p.
696 2990 746 3038 115
760 2993 786 3039 Β.
815 2994 850 3040 De
871 2991 919 3041 liae
934 2991 1152 3041 labulaamultis
1166 3007 1258 3041 memo-

223 3089 276 3131 rata
295 3084 362 3131 ridd.
387 3100 452 3145 qnos
480 3084 566 3131 laudat
593 3084 726 3146 Wyttenb.
752 3085 783 3132 ad
804 3086 830 3132 h.
853 3086 869 3134 l.
887 3086 943 3133 Vol.
969 3085 1013 3133 vi.
1039 3102 1063 3149 p.
1081 3083 1141 3134 765.
1167 3086 1257 3134 Eadem

223 3190 285 3223 usus
296 3181 334 3222 est
346 3175 433 3223 Cicero
452 3176 478 3222 in
494 3177 667 3224 consolatione
682 3193 735 3240 sna,
755 3184 783 3224 ut
798 3180 876 3226 refert
892 3179 1038 3226 lactantius
1059 3180 1122 3226 lust.
1141 3180 1188 3248 Ill.
1209 3178 1257 3240 18,

223 3265 265 3316 18.
283 3268 318 3316 ef.
338 3269 376 3316 l'r.
399 3269 538 3338 Schneider
561 3270 591 3317 de
608 3271 706 3318 Consol.
731 3272 784 3319 Cio.
810 3266 878 3319 1835
899 3289 924 3335 p.
944 3269 985 3320 21.
1011 3271 1175 3321 Aristotelem
1197 3273 1258 3320 huie

217 3356 322 3411 ‘salsulae
346 3361 408 3410 aliae
429 3363 586 3411 narratlones
602 3364 742 3425 addidisse,
767 3364 827 3412 inde
850 3364 992 3429 suspicatur
1014 3363 1160 3427 Wytteub,
1188 3365 1257 3428 qnod

217 3470 284 3503 usus
298 3461 337 3503 eat
351 3455 481 3505 locutione
496 3447 584 3507 τοῦτο
598 3444 667 3524 μὲν,
683 3463 820 3518 antequam
835 3458 945 3506 tabulam
961 3463 1106 3521 enarraret,
1121 3460 1165 3506 oni
1176 3460 1259 3520 uulgo

218 3549 375 3614 respondeat
400 3540 488 3600 τοῦτο
510 3537 554 3601 dd.
591 3550 763 3599 ldemtamen
785 3551 861 3600 docet
881 3552 908 3599 in
928 3553 1029 3613 longius
1045 3552 1157 3600 deduota
1171 3568 1259 3601 narra-

167 3635 169 3638 ’
223 3643 292 3691 tione
329 3643 523 3707 respondentem
550 3644 698 3706 particulam
726 3645 854 3692 interdum
881 3646 973 3693 omitti.
1018 3645 1054 3693 Cf.
1082 3645 1197 3693 litterius
1226 3646 1258 3694 ad

222 3735 288 3784 Plut.
307 3737 325 3784 l.
345 3736 362 3784 l.

257 3827 283 3890 2)
319 3829 388 3877 Stoh.
400 3831 468 3880 Flor.
485 3832 525 3880 tit
541 3830 590 3894 98,
605 3829 647 3879 60.
664 3831 708 3878 lid.
725 3831 799 3880 Gaias.
810 3830 941 3881 Sententia
956 3833 1185 3895 autem,quamtit.
1195 3831 1258 3895 118,

222 3919 264 3967 22.
283 3923 411 3970 Aristoteli
428 3926 531 3973 tribuit:
554 3909 688 3995 riquardo
709 3914 771 3976 ἐστι
792 3912 829 3977 τό
856 3916 910 3997 τῆς
936 3911 1132 3997 πεπρωμένης
1152 3911 1259 3990 κακόν,

222 4015 325 4063 sortasse
338 4032 441 4078 quoque
459 4018 484 4065 in
504 4018 553 4064 lroe
568 4017 668 4078 dialogo
682 4019 738 4065 tuit.
