2648 4844
635 310 677 371 74

140 495 197 570 sit,
222 493 354 554 interire
374 489 521 567 dicebat,
547 491 632 551 nasci
649 501 755 551 autern
773 490 909 566 animos,
930 488 1018 573 quod
1038 489 1179 554 declaret

140 626 250 669 eorum
262 602 453 680 similitudo,
466 603 522 687 qui
534 613 761 685 procreantur,
779 622 862 686 quae
874 602 969 663 etiam
981 603 1013 662 in
1026 603 1177 689 ingeniis,

140 740 204 780 non
230 717 334 779 solum
362 718 395 777 in
425 715 633 799 corporibus,
658 725 821 799 appareat.
856 716 940 778 Huic
965 715 1101 779 alteram
1123 717 1176 780 ad·
1230 802 1233 806 .

140 830 235 894 debat
254 830 423 891 rationem:
449 829 529 891 nihil
545 850 628 906 esse,
654 828 741 913 quod
760 827 882 907 doleat,
903 830 983 913 quin
995 828 1030 891 id
1048 852 1179 915 aegrum

140 964 207 1021 esse
230 963 360 1026 quoque
391 943 505 1024 possit:
539 926 766 1026 quod‘outem'
783 942 817 1003 in
839 941 987 1004 morbum
1009 942 1123 1020 eadat,
1147 943 1179 1006 id

141 1056 236 1118 etiam
254 1054 480 1133 interiturum3
506 1054 615 1118 dolere
636 1066 744 1117 autem
766 1057 902 1134 animos,
926 1077 1003 1140 ergo
1022 1057 1119 1118 etiam
1132 1056 1179 1117 in·

140 1169 248 1232 terire.
263 1166 288 1253 ¹)
320 1170 402 1230 iiiuc
421 1169 553 1231 sortasse
575 1168 723 1231 solatium
744 1169 873 1253 petebat
888 1170 922 1231 in
941 1182 1029 1232 metu
1049 1170 1178 1246 mortis,

141 1281 326 1360 ostendens,
347 1276 473 1344 bullum
493 1283 525 1343 in
548 1292 650 1343 morte
670 1281 780 1343 adesse
801 1303 944 1360 sensum,
969 1303 1094 1368 perque
1111 1304 1181 1346 eam

140 1393 302 1458 hominem
321 1416 339 1457 a
362 1394 442 1456 vitae
461 1395 593 1455 miseriis
615 1394 755 1459 liberari.

186 1506 394 1570 Posidonius
423 1528 554 1592 quoque
581 1505 656 1569 huic
679 1506 899 1592 philosophiae
925 1510 997 1570 loco
1015 1507 1103 1571 haud
1126 1508 1180 1571 de·

140 1620 212 1683 fuit.
255 1622 284 1682 Is
303 1621 404 1700 enim,
428 1633 464 1683 ut
478 1642 573 1704 supra
590 1620 887 1699 animadvertimus,
902 1621 936 1682 in
955 1621 1180 1685 distributione

100 1800 104 1807 ,
140 1733 380 1818 philosophiae,
411 1733 619 1798 consolationi
641 1735 788 1797 suumin
814 1734 918 1798 ethica
940 1736 1049 1798 locum
1071 1734 1177 1813 dedit,

140 1857 237 1931 atque
258 1845 319 1910 hac
344 1847 384 1910 de
411 1846 706 1931 perturbationibus
738 1846 951 1929 disputatione
980 1848 1179 1931 potissimum

140 1961 359 2044 quaestionem
371 1960 411 2024 de
434 1959 622 2036 virtutibus,
648 1959 752 2044 deque
764 1959 827 2022 fine
845 1959 1004 2023 bonorum
1023 1961 1179 2023 contineri

139 2071 278 2137 dicebat.
320 2070 456 2154 Νομίζω
479 2064 554 2158 γὰρ,
577 2073 641 2149 ait,
666 2071 719 2139 καὶ
739 2063 795 2157 τὴν
810 2070 890 2157 περὶ
905 2063 1039 2154 ἀγαθῶν
1054 2069 1109 2133 καὶ
1125 2096 1180 2134 κα-

140 2183 217 2262 nois,
240 2182 293 2246 nol
308 2175 364 2269 τήν
379 2182 458 2267 περὶ
477 2182 591 2258 τελῶν,
610 2181 663 2244 καὶ
678 2174 734 2268 τήν
746 2179 827 2266 περὶ
839 2173 974 2267 ἀρετῶν,
987 2179 1022 2244 ἐκ
1034 2182 1093 2268 τῆς
1103 2182 1180 2269 περὶ

141 2293 262 2357 παθῶν
288 2285 401 2380 ὀρθῶς
423 2291 628 2379 διασκέψεως
653 2285 825 2380 ἠρτῆσθαι.
836 2289 864 2378 ²)
908 2293 1042 2378 Scripsit
1073 2305 1179 2357 autem

141 2428 220 2489 opus
239 2405 318 2492 περὶ
334 2408 468 2485 παθῶν,
493 2407 584 2470 cuius
611 2418 735 2491 partem
761 2405 906 2470 sedandis
932 2427 970 2469 ae
1000 2407 1179 2470 minuendis

138 2517 325 2598 doloribus,
356 2530 394 2581 ut
423 2518 639 2604 Chrysippus,
675 2496 876 2582 consecrasse
904 2518 1052 2598 videtur3
1083 2531 1179 2605 atque

139 2629 205 2694 huo
230 2633 369 2715 pertinet
395 2634 547 2711 fortasse,
573 2633 660 2718 quod
690 2634 900 2717 Hieronymus
922 2633 983 2696 ait:
1017 2623 1179 2720 Legimus

140 2743 358 2824 Crantorem,
388 2749 487 2809 cuins
512 2747 668 2809 volumen
693 2746 740 2808 od
764 2721 1004 2831 confovendum
1031 2746 1179 2809 dolorm

138 2879 241 2920 snum
264 2872 399 2924 secutus
425 2873 484 2924 est·
503 2861 639 2936 Ciceros
660 2859 841 2938 Platonis,
864 2859 1050 2945 Diogenis,
1075 2860 1180 2925 Clito

138 2971 267 3050 macti,
292 2971 495 3052 Carneadis,
523 2971 707 3035 Posidonii
730 2973 777 3035 od
792 2971 953 3035 sedandos
972 2973 1086 3036 luctus
1104 2996 1180 3058 opitu
1227 3004 1230 3007 ·

138 3084 233 3146 scula
246 3088 500 3167 percurrimus,
515 3089 577 3170 qni
593 3085 741 3147 diversis
759 3086 946 3164 aetatibus,
969 3085 1179 3149 diversorum

118 3256 120 3260 .
141 3195 291 3274 loetum,
306 3196 360 3257 nel
376 3196 480 3259 libris
494 3198 546 3260 vel
563 3199 736 3282 epistolis,
753 3202 907 3261 minnere
921 3212 1003 3261 sunt
1020 3195 1176 3281 eonati.⁸)

138 3304 250 3393 Neque
270 3309 355 3372 enim
380 3331 417 3373 ex
444 3310 506 3375 hoc
526 3334 591 3374 uno
612 3312 702 3390 loco,
727 3324 764 3375 ut
783 3311 887 3373 verbis
905 3322 977 3375 utar
995 3312 1042 3378 Cl.
1065 3311 1176 3388 Bahii,

139 3503 346 3514 ——--——.-

172 3631 198 3695 1)
235 3632 288 3685 Cio.
305 3636 381 3681 Tnso.
400 3635 428 3695 Q.
447 3633 466 3682 1.
486 3632 528 3682 32.
549 3635 596 3686 Cff.
616 3636 750 3697 Wyttenb.
771 3637 847 3699 Disp.
865 3635 896 3683 ds
908 3651 950 3683 an.
967 3637 1034 3683 imm.
1052 3651 1078 3700 p.
1094 3632 1180 3682 enses

138 3727 193 3774 Vno
209 3726 312 3788 bynden
331 3726 348 3774 l.
363 3726 381 3774 l.
398 3743 423 3791 p.
438 3723 480 3774 70.
645 3771 648 3775 ,

173 3815 199 3880 2)
235 3819 345 3867 Galenus
359 3821 399 3867 De
415 3821 492 3883 Hs'pp
511 3826 537 3868 ot
548 3821 619 3868 Plot.
639 3820 705 3867 deor.
723 3820 740 3868 l.
761 3821 790 3869 V.
811 3837 836 3887 p.
848 3818 896 3867 291
915 3819 987 3867 Basil.
1004 3817 1040 3884 (p.
1058 3817 1119 3882 ton,
1136 3819 1177 3868 Ed.

139 3907 226 3972 Kuhu)
246 3910 285 3960 Cf.
309 3911 348 3961 Cl.
365 3913 457 3959 Bolrius
473 3914 549 3976 Disp.
565 3913 596 3960 ds
612 3913 750 3962 Posidonio
768 3929 794 3979 p.
814 3910 865 3959 197
881 3918 908 3960 ot
923 3910 974 3959 222
989 3926 1045 3974 sqq.

173 3999 199 4063 3)
235 4004 442 4065 hieronymusin
460 4006 582 4069 Epitaph.
602 4007 693 4068 Nepet.
710 4007 735 4054 Τ.
746 4005 764 4054 l.
784 4021 810 4071 p.
821 4003 862 4051 22.
