2648 4844
638 328 679 388 ta

138 506 231 568 vinae
259 526 327 566 esse
353 506 486 589 originis
514 505 650 570 docebat
680 530 717 571 ac
741 511 838 572 veluti
860 512 1049 593 particulam
1071 536 1104 575 er
1130 513 1177 576 di-

141 619 212 681 vina
232 629 347 680 natura
371 631 565 702 excerptam,
589 623 711 705 quique
731 625 873 706 corporis
897 625 1125 707 cupiditatibus
1145 640 1177 690 et

138 733 313 808 molestiis,
345 735 516 816 quominus
535 757 624 797 suam
646 737 822 819 explicaret
842 739 925 816 vim,
949 739 1176 822 impediretur,

139 858 364 930 postmortem
386 869 462 909 aero
481 870 498 910 a
519 850 661 932 corporis
681 850 752 912 labe
776 851 929 914 liberatus
950 864 981 914 et
1007 852 1047 916 ad
1075 854 1174 930 Deos,

140 959 225 1023 unde
246 972 397 1038 venerat,
432 982 596 1040 reversus,
619 963 703 1046 ipsas
724 985 793 1042 res,
817 967 924 1047 prouti
946 966 1028 1044 sint,
1052 969 1176 1031 visurus
1205 994 1207 1002 ·

139 1085 230 1138 esset.
278 1075 347 1136 Non
374 1075 474 1159 igitur
501 1075 614 1155 luctu,
648 1076 703 1139 sed
730 1079 925 1141 carminibus
961 1080 1076 1165 dignos
1111 1103 1176 1143 csse

140 1209 176 1250 ac
198 1188 309 1251 felices
330 1187 560 1272 praedicandos
581 1203 740 1268 mortuos,
765 1192 884 1275 quippe
907 1191 1045 1256 divinam
1067 1205 1176 1257 nactos

141 1303 235 1365 vitam
258 1312 289 1364 et
311 1304 460 1386 corporis·
480 1303 609 1367 vinculo
637 1306 768 1368 solutae.
817 1296 933 1387 Οὐδείς
960 1296 1021 1390 γαρ
1050 1295 1177 1389 ἆγαδός

140 1397 230 1490 ἄξιὸς
257 1403 398 1500 θρήνων,
427 1404 492 1476 ἀλλ’
522 1407 627 1495 ὕμνων
652 1414 706 1479 καί
732 1415 883 1494 ἐπαίνων,
913 1406 990 1479 οὐδὲ
1016 1413 1175 1495 πένθους,

139 1514 229 1587 ἄλλα·
252 1513 375 1611 μνήμης
407 1515 572 1602 εὐκλεοῦς,
606 1519 685 1589 οὐδὲ
711 1516 859 1612 δακρὺων
890 1516 1075 1605 ἐπωδύνων,
1109 1517 1174 1590 αλλ’

126 1622 276 1699 Ιᾰστείων
297 1626 466 1720 ἀπαρχῶν,
490 1635 557 1719 εἴγε
574 1626 592 1700 ὁ
613 1628 820 1721 μετηλλαχιδς
835 1625 1007 1721 θειότερόν
1019 1659 1089 1700 τινα
1104 1635 1177 1716 βίον

139 1743 346 1832 μετείληφεν,
369 1735 567 1829 ἀπαλλαγείς
587 1745 645 1832 τῆς
665 1745 725 1810 τοῦ
753 1734 904 1826 σώματος
930 1743 1096 1831 λατρείας,
1123 1742 1178 1808 καί
1228 1783 1233 1794 ·
1274 1794 1277 1799 .

139 1856 202 1919 των
224 1846 369 1942 ἅτρίπων
390 1854 482 1919 ἕνεκα
506 1847 623 1920 τούτου
645 1855 829 1944 φροντίδων
850 1877 886 1918 τε
906 1854 960 1919 καί
982 1855 1177 1942 συμφορῶν,

140 1958 178 2039 ας
205 1956 322 2053 οἷνάγκη
347 1958 426 2039 τούς
453 1957 621 2053 εἰληχότας
651 1960 707 2032 τδν
738 1959 858 2053 θνητδν
890 1966 962 2046 βίον
992 1957 1176 2045 ὑπομένειν,

141 2075 201 2149 ἕως
223 2069 261 2139 δν
281 2067 465 2163 ἐκπλήσωσι
485 2070 541 2142 τδν
562 2075 804 2142 ἐπικλωσθέντα
824 2077 890 2169 τῆς,
903 2075 989 2163 ζωῆς
1009 2075 1090 2158 βίον.
1104 2075 1129 2162 1)

183 2191 225 2252 Ut
241 2202 350 2254 autem
365 2191 556 2274 Hippoclem
575 2192 812 2268 consolaretur,
837 2189 923 2274 quod
937 2201 1060 2253 matura
1073 2203 1175 2254 aetate

141 2303 256 2368 liberos
283 2304 458 2383 amisisset,
492 2327 567 2367 usus
593 2304 718 2368 videtur
747 2305 880 2368 Crantor
902 2305 1084 2365 narratione
1105 2303 1176 2365 Ari-

141 2417 281 2494 stotelis,
312 2419 391 2502 qui,
423 2430 458 2480 ut
481 2418 641 2480 Ciceronis
662 2428 733 2479 utar
755 2416 880 2492 verbis,
911 2415 996 2498 apud
1018 2416 1176 2500 Hypanim

141 2527 273 2593 fluvium
299 2531 343 2594 ait
372 2531 521 2595 bestiolas
544 2530 697 2615 quasdam
723 2530 830 2606 nasci,
865 2551 948 2614 quae
970 2550 1071 2592 unum
1090 2527 1175 2590 diem

141 2644 255 2706 vivant.
280 2645 325 2707 Ex
347 2644 395 2707 his
418 2645 517 2729 igitur
536 2644 614 2707 bora
633 2656 744 2707 octava
761 2665 843 2728 quae
863 2654 1073 2720 mortuaest,
1098 2664 1176 2725 pro-

140 2770 229 2821 vecta
250 2769 354 2822 aetate
372 2771 498 2822 mortua
521 2771 588 2835 est,
618 2781 700 2843 quae
729 2780 801 2819 vero
823 2756 990 2820 occidente
1012 2757 1098 2833 sole,
1121 2754 1176 2817 de-

139 2871 279 2955 crepita3
301 2894 338 2935 eo
358 2872 469 2957 magis,
490 2872 514 2933 si
534 2872 630 2933 etiam
647 2869 804 2932 solstitiali
816 2868 877 2931 die.
903 2869 1017 2932 Confer
1037 2881 1176 2931 nostram

112 2980 114 2983 ⁵
140 2985 355 3070 longissimam
381 2997 518 3048 aetatem
541 3005 614 3047 cum
634 2983 839 3058 aeternitate,
872 2983 905 3042 in
927 2980 1037 3043 eadem
1060 3002 1175 3063 prope-

139 3098 271 3161 modum
297 3099 470 3176 hrevitate,
513 3120 577 3183 qua
603 3099 678 3162 illae
707 3097 881 3173 bestiolae,
918 3095 1126 3179 reperiemur.
1147 3091 1173 3178 ²)

139 3213 251 3303 lleque
272 3225 396 3275 certum
420 3225 483 3290 est,
509 3212 588 3296 quid
610 3223 749 3288 mortuo,
770 3211 796 3271 si
818 3209 938 3274 diutius
960 3209 1099 3286 vixisset,
1121 3229 1175 3271 ac·

122 3325 286 3418 'cidisset,
324 3326 449 3389 bonane
479 3348 519 3388 an
540 3326 623 3388 mala
648 3325 758 3387 luisset
781 3324 939 3386 fruiturus
972 3322 1175 3399 conditione;

139 3438 221 3501 illud
233 3461 308 3502 vero
321 3451 367 3502 est
379 3441 601 3518 certissimum,
612 3450 682 3524 post
694 3449 840 3515 mortem,
854 3435 950 3499 nullis
962 3456 1036 3497 eum
1048 3434 1176 3497 calami·

143 3659 350 3668 ——--...
723 3661 730 3685 l

174 3780 200 3844 1)
236 3783 303 3830 Plut.
320 3783 338 3830 l.
352 3783 369 3830 l.
385 3799 409 3846 p.
429 3781 486 3829 114.
505 3784 530 3830 C.

176 3874 203 3938 2)
239 3877 290 3925 Cio.
317 3878 392 3925 Tusc.
418 3879 448 3935 Q.
466 3879 485 3924 1.
502 3876 542 3923 39.
563 3877 630 3923 Hanc
650 3875 793 3922 Aristotelis
811 3873 981 3920 narrationem
997 3869 1129 3932 Wyttenb.
1151 3875 1178 3916 et

142 3971 287 4020 aCiceronc
301 3978 329 4019 et
341 3988 355 4019 a
368 3971 505 4018 Plutarcho
519 3986 533 4017 e
546 3969 673 4018 Crantoris
683 3968 748 4016 libro
766 3968 869 4015 ductam
883 3982 936 4014 esse
950 3970 1038 4028 putat,
1052 3964 1078 4010 in
1092 3969 1177 4010 annot.

140 4065 172 4111 ad
188 4065 256 4112 Plut.
277 4082 301 4127 p.
315 4063 369 4114 lll.
387 4067 412 4113 C.
427 4065 462 4113 Cl.
482 4064 619 4111 Schneider
632 4063 649 4110 l.
668 4063 683 4108 l.
701 4074 726 4121 p.
742 4058 801 4110 845,

954 4145 973 4204 4
