2648 4844
512 1549 700 1674 beant
735 1572 812 1646 ΙΙΙ.

123 1841 182 1881 ’ΒΕ
206 1816 419 1884 PHILOSOPIstS
442 1841 592 1896 GRAECB,
618 1840 676 1895 Qut
699 1838 965 1882 consonenlonm
988 1838 1029 1881 DE
1052 1839 1181 1884 Bffllaw

314 1980 421 2035 BBQUB
446 1980 604 2022 turnum]
629 1976 761 2020 PA‘I'MAE
784 1954 1013 2020 SCRIPSERUR'I'.

554 2247 654 2332 Ἀνδρὶ
676 2249 763 2332 σοφῷ
784 2249 865 2311 πᾶσα
886 2250 925 2330 γῆ
950 2244 1048 2330 βάτη·
1081 2249 1184 2331 ψυχῆς

501 2364 558 2447 γὰρ
577 2363 699 2448 ἀγαθῆς
717 2366 824 2449 πατρὶς
844 2361 861 2428 ό
885 2361 1003 2447 ’ξύμπας
1019 2363 1142 2448 κόσμος.

873 2501 1029 2539 ΠΙΙΟΕΙῙΤΠΒ.

186 2759 407 2823 Sanctissimus
427 2781 522 2837 sane,
545 2760 570 2821 si
590 2762 662 2846 quis
678 2761 779 2838 alius,
799 2761 860 2823 fuit
882 2782 991 2838 amor,
1015 2781 1082 2846 quo
1101 2765 1180 2826 anti·

141 2872 198 2957 qui
215 2872 416 2937 ducebantur
439 2895 514 2958 erga
533 2874 688 2958 patriam,
713 2895 810 2960 quam
830 2873 977 2937 omnibus
1000 2862 1182 2957 praeferen-

139 2985 232 3066 dam,
248 2998 401 3074 tanquam
417 3010 620 3051 communem
642 2999 776 3051 matrem
794 2989 1045 3068 venerabantur,
1067 3013 1180 3076 quam·

140 3121 205 3184 que
224 3123 332 3163 omnes
352 3102 494 3164 omnium
512 3101 660 3164 caritates
678 3123 773 3164 unam
794 3102 965 3187 complecti
985 3104 1177 3171 statuebant.

56 3222 59 3227 “
140 3213 213 3294 Quo
231 3213 302 3276 loeo
319 3236 422 3298 quum
439 3214 595 3279 haberent
610 3216 763 3299 patriam,
785 3215 856 3278 fieri
877 3238 939 3278 non
957 3218 1081 3301 potuit,
1104 3221 1182 3305 quin

140 3326 318 3412 aegerrime
340 3328 461 3390 ferrent
478 3329 642 3407 exsilium,
675 3352 740 3414 quo
760 3339 848 3392 extra
874 3351 944 3392 eam
963 3330 1069 3393 vivere
1084 3333 1182 3413 jube·

137 3439 277 3518 bantur,
313 3452 343 3504 et
376 3442 524 3504 omnibus
555 3442 811 3505 destituebantur
836 3443 944 3520 bonis,
979 3466 1063 3529 quae
1093 3446 1182 3533 larga

140 3577 237 3619 manu
259 3567 351 3618 antea
381 3556 456 3640 ipsis
487 3556 680 3640 praebuerat
707 3557 819 3640 patria.
866 3557 978 3642 Neque
1001 3568 1107 3622 tamen
1135 3560 1183 3625 his

137 3668 240 3732 defuit
259 3669 429 3747 auxilium3
454 3670 607 3754 opitulari
627 3671 711 3731 enim
731 3670 768 3732 iis
788 3670 959 3734 studebant
979 3671 1182 3759 philosophi,

137 3792 168 3844 et
178 3783 259 3845 sanis
277 3782 520 3867 argumentandi
539 3782 715 3846 rationibus
735 3783 878 3846 minuere
900 3784 1062 3864 dolorem,
1086 3798 1184 3873 atque

137 3895 170 3957 in
189 3896 369 3959 calamitate
386 3894 441 3960 illa
461 3898 611 3960 solatium
630 3897 744 3961 afferre
760 3898 955 3963 nitebantur.
991 3900 1073 3963 Hinc
1094 3923 1181 3965 eem-

138 4006 229 4091 plura
253 4009 441 4072 exstiterunt
462 4033 575 4095 opera,
600 4011 718 4097 quibus
739 4010 937 4095 philosophi,
960 4014 1010 4075 vel
1038 4017 1182 4079 consola·
