2648 4844
688 344 731 405 86

192 528 325 590 riantur.
361 527 432 587 Duo
453 534 618 608 praetcrea
641 533 810 607 praecepta
839 521 929 583 uobis
959 521 990 580 in
1018 520 1129 602 primis
1159 529 1233 581 sunt

191 641 347 717 tenenda,
371 662 466 702 nosco
484 641 659 721 teipsum,
679 651 710 697 et
728 635 864 721 nequid
881 636 1008 710 nimis,
1031 654 1113 718 quae
1126 633 1169 695 ita
1181 654 1233 694 se-

193 775 266 817 eum
289 754 426 816 invicem
446 763 519 814 srmt
538 752 728 832 conjuncta,
752 761 787 811 ut
806 750 943 811 alterum
961 747 1028 809 sine
1046 746 1149 808 altero
1167 767 1233 808 esse

193 878 341 951 nequeat.
384 867 418 928 ,si
440 867 523 927 enim
542 875 663 925 nosmet
687 865 771 946 ipsos
789 863 871 923 bene
894 861 1092 935 noverimus,
1127 863 1233 944 neque

192 979 283 1041 bonis
301 979 546 1054 exsultabimus,
569 998 674 1061 neque
694 975 783 1038 malis
801 974 1059 1038 succumbemus,
1085 973 1169 1035 Sunt
1187 984 1233 1035 ta-

193 1114 266 1154 meu
289 1092 463 1175 permulti,
499 1091 555 1176 qui
580 1113 633 1167 ea,
655 1111 738 1174 quae
760 1089 923 1171 inopinato
945 1099 975 1150 et
995 1099 1123 1170 praeter
1145 1108 1234 1170 spem

193 1216 385 1282 everterunt,
413 1205 560 1267 fortunae
579 1225 616 1265 ao
636 1202 771 1265 deorum
793 1203 990 1286 malignitate
1016 1201 1163 1264 accidere
1181 1222 1235 1263 ex-

191 1319 350 1394 istiment,
378 1330 523 1394 atvero,
546 1329 581 1379 ut
601 1327 688 1378 recte
712 1317 829 1389 cecinit
850 1327 963 1398 poeta:

311 1467 388 1545 Θεός
411 1467 447 1532 δέ
468 1490 512 1532 σοι
535 1466 609 1552 πῆμ’
632 1462 738 1545 addin,
761 1465 821 1530 ἀλλ’
844 1465 994 1544 adrigari
1017 1469 1072 1530 σοὶ.
1084 1466 1109 1555 1)

194 1635 302 1696 Nostra
333 1635 416 1697 enim
440 1637 594 1719 pravitate
626 1635 717 1697 nobis
747 1655 968 1717 comparamus
996 1632 1099 1711 mala,
1129 1655 1236 1718 quae,

194 1760 229 1810 ut
249 1760 372 1810 nosmet
393 1770 600 1826 excusemus,
630 1750 775 1811 fortunae
798 1748 924 1831 diisque
946 1748 1129 1810 tribuimus.
1173 1747 1235 1809 Sed

194 1872 296 1923 tamen
307 1861 408 1937 Deus,
422 1863 478 1945 qui
493 1874 625 1946 paterna
639 1862 772 1924 caritate
782 1861 936 1944 prospicit
951 1861 1060 1945 generi
1075 1860 1236 1938 humano,

194 1973 281 2037 hunc
299 1974 431 2036 illumve
454 1975 591 2056 juvenili
607 1986 710 2038 aetate
728 1976 877 2058 surripit,
905 1986 941 2036 ut
968 1996 1007 2035 ne
1033 1974 1157 2037 diutius
1188 1974 1236 2035 ri-

193 2108 268 2148 rens
288 2099 568 2171 corrumperetur,
592 2090 740 2173 vitaeque
763 2089 894 2150 sentiret
917 2087 1008 2152 mala.
1045 2088 1082 2150 ln
1105 2109 1231 2150 memo-

193 2201 273 2263 riam
290 2213 455 2283 praeterea
478 2213 551 2264 sunt
579 2201 756 2264 revocanda
777 2201 907 2286 egregia
930 2203 1072 2264 virorum
1095 2200 1182 2265 dicta
1205 2213 1237 2264 et

193 2313 309 2399 agendi
332 2316 431 2392 ratio,
453 2337 553 2400 quum
574 2317 606 2377 iu
625 2314 738 2377 iisdem
757 2324 959 2377 versarentur
982 2314 1235 2394 calamitatibus,

193 2428 291 2490 veluti
304 2428 527 2513 Anaxagorae,
542 2431 619 2514 qui,
644 2428 751 2492 audita
770 2428 827 2491 filii
839 2439 961 2507 morte,
985 2429 1064 2492 dixit
1077 2450 1085 2491 :
1110 2431 1234 2507 „soiri,

194 2562 244 2602 me
266 2542 433 2603 mortalem
452 2548 680 2625 procreasse,”
711 2542 860 2620 Periclis,
885 2544 942 2626 qui
960 2543 1037 2605 item
1056 2541 1114 2605 filii
1136 2554 1236 2606 morte

196 2656 364 2731 nunciata,
398 2657 553 2740 pergebat
574 2658 757 2719 concionari
777 2666 808 2717 et
828 2655 1035 2718 Athenienses
1055 2655 1095 2718 ad
1111 2657 1235 2721 bellum

192 2766 370 2845 adhortari,
391 2779 459 2831 tum
472 2770 565 2832 etiam
584 2770 825 2853 Xenophontis,
846 2770 972 2847 Dionis,
998 2770 1146 2837 aliorum.
1171 2773 1235 2836 Hos

194 2881 293 2965 igitur
315 2881 432 2944 imitari
455 2882 626 2962 dehemus,
651 2906 755 2968 neque
778 2884 914 2968 amplius
936 2883 1131 2969 lugendum,
1161 2908 1234 2950 cum

194 2993 289 3056 breve
309 2996 347 3057 sit
365 2997 446 3058 ritae
466 2999 620 3080 spatium,
648 3009 679 3059 et
701 2997 806 3082 quoad
827 2997 895 3059 fieri
915 2996 1037 3082 potesl,
1064 2999 1234 3080 ,jucundis-

194 3109 271 3170 sime
293 3108 546 3192 transigendum.
561 3107 586 3195 ²)

237 3221 331 3282 Hisce
351 3220 461 3298 dictis,
483 3222 689 3306 Apollonium
704 3225 881 3309 alloquitur
899 3226 1102 3304 Plutarchus,
1118 3228 1234 3310 ipsius-

194 3352 258 3415 que
280 3331 337 3394 filii
367 3335 576 3417 probitatem,
608 3336 824 3422 diligentiam,
859 3337 1063 3423 prudentiam
1091 3340 1232 3426 aliasque

194 3445 326 3510 virtutes
345 3448 472 3528 laudat,
496 3451 614 3535 quihus
638 3450 718 3513 haec
741 3451 839 3515 addit.
874 3453 906 3514 Si
924 3475 1036 3517 verum
1056 3465 1120 3531 est,
1146 3454 1232 3540 quod

227 3786 252 3849 1)
288 3792 353 3840 Plut.
372 3795 389 3843 l.
404 3795 419 3840 l.
438 3812 461 3858 p.
479 3796 528 3843 117
544 3799 572 3844 Α,
593 3799 757 3858 provulgata
782 3783 872 3861 nriro'g
893 3784 987 3872 αὐτῷ,
1007 3799 1123 3846 dedimus
1145 3786 1234 3863 αὐτός

117 3933 130 3953 ⁰
175 3889 229 3930 -συ
246 3873 301 3946 σοὶ,
320 3886 351 3933 de
364 3890 465 3949 egregia
478 3891 580 3938 Porsoni
597 3893 773 3940 emendatione
793 3893 827 3938 nd
840 3895 933 3955 Eurt'p.
955 3894 1022 3940 Med.
1043 3892 1102 3954 140,
1121 3905 1232 3955 quocum

193 3977 251 4023 lacit
272 3978 382 4029 Ueterius
398 3984 428 4030 ad
445 3983 469 4029 h.
491 3984 506 4029 l.
892 3974 896 3978 Ι

226 4069 251 4131 2}
287 4073 352 4125 Plrrt.
370 4078 386 4124 l.
403 4077 419 4124 l.
435 4094 459 4139 p.
480 4075 529 4126 113
542 4111 571 4118 -
584 4077 665 4124 119.-
