2648 4844
636 350 676 410 67

137 529 249 592 dicere
268 530 399 592 soleret:
425 515 557 600 οὐδενός
579 519 665 614 ἡμᾶς
687 520 772 592 οὕτω
794 526 968 610 πένεσθαι,
992 522 1038 605 ὠς
1052 522 1179 619 χρόνον·

137 631 264 726 βραχῦς
284 630 346 725 γὰρ
370 628 470 711 ὅντως
491 629 510 703 ὁ
530 637 623 720 βίος,
654 626 674 725 ἦ
702 635 740 702 δὲ
759 635 852 725 τέχνη
878 633 995 727 portori,
1021 641 1073 704 καὶ
1100 642 1181 725 pail

138 749 196 815 λον
216 740 236 835 ἦ
258 740 317 822 τοῖς
337 749 394 835 τῆς
416 747 526 835 ψυχῆς
547 739 664 820 νόσους
682 736 842 814 ἰάσασθαι
862 747 1013 837 δυναμένῃ
1025 805 1031 831 ,
1044 751 1069 838 ¹)
1096 754 1179 818 dilu-

140 860 212 926 cide
238 860 314 924 hinc
338 873 492 945 apparet,
518 861 652 924 multam
678 883 730 925 eos
750 873 781 924 et
800 862 945 927 sedandis
967 864 1129 930 doloribus
1150 877 1181 930 et

139 975 322 1038 auferendis
340 976 436 1037 animi
457 975 710 1060 aegritudinibus
731 998 860 1059 operam
880 976 1015 1043 dedisse,
1049 981 1180 1065 Specta·

141 1091 195 1153 bat
216 1100 323 1150 autem
345 1087 410 1151 huc
433 1100 498 1151 tota
522 1110 632 1152 eorum
650 1088 862 1173 philosophia.
898 1091 1080 1176 Sapientem
1097 1095 1181 1157 enim

140 1225 178 1265 ea
201 1203 400 1287 proponebat
423 1224 494 1264 saxo
514 1201 695 1278 duriorem,
720 1203 776 1286 qui
798 1202 885 1266 nulla
908 1225 942 1267 re
962 1227 1181 1270 commovere·

141 1313 212 1394 tur,
236 1315 324 1378 nulla
346 1327 531 1399 tangeretur
550 1316 732 1393 allectione,
757 1316 883 1379 nullum
903 1319 1031 1382 omnino
1050 1321 1182 1384 sentiret

140 1429 305 1507 dolorem,
337 1429 434 1490 verho
466 1429 670 1512 requirebat,
706 1440 741 1491 ut
769 1441 849 1491 esset
869 1419 1013 1518 ἀπαθής.
1032 1430 1056 1519 ²)
1100 1435 1182 1496 Hinc

103 1545 106 1549 ’
142 1554 250 1605 autem
270 1543 409 1620 lactum,
434 1553 469 1604 ut
491 1542 648 1625 peculiari
678 1565 806 1625 prorsus
835 1546 955 1606 ratione
979 1546 1183 1611 instituerent

143 1657 405 1733 consolationem,
429 1677 548 1740 neque,
562 1667 598 1718 ut
610 1657 744 1733 caeteri,
765 1657 912 1741 mitigare
923 1681 961 1721 ac
970 1659 1080 1722 sedare
1092 1660 1182 1725 dolo-

143 1791 203 1847 res,
227 1769 281 1832 sed
300 1791 429 1853 prorsus
449 1770 575 1832 auferre
592 1781 624 1832 et
646 1769 799 1833 radicitus
821 1770 959 1833 evellere
978 1787 1182 1841 conarentur.

142 1884 268 1946 Primus
286 1895 392 1945 autem
412 1904 449 1945 er
466 1884 503 1944 iis
520 1884 553 1944 in
575 1905 707 1946 censum
729 1885 812 1946 venit
832 1884 1027 1959 Cleanthen,
1046 1889 1101 1972 qui
1121 1888 1183 1952 hoc

142 1972 316 2082 praecipue
339 1996 514 2080 consolanti
537 2019 652 2058 munus
674 1996 829 2077 injunxit,
863 2010 899 2060 ut
922 1997 1052 2063 doceret
1080 2001 1182 2081 illud,

144 2109 232 2195 quod
249 2110 404 2172 moerenti
422 2109 601 2187 accidisset,
617 2109 737 2172 malum
749 2112 876 2174 omnino
889 2134 953 2175 non
965 2135 1041 2177 esse.
1053 2110 1077 2200 ³)
1090 2115 1184 2196 Quod

142 2235 180 2286 ut
190 2224 360 2308 probaret,
380 2245 415 2285 er
430 2224 589 2285 communi
603 2223 783 2286 Stoicorum
801 2223 956 2303 doctrina,
976 2227 1101 2289 nullum
1118 2249 1184 2290 esse

144 2337 264 2398 malum
284 2335 429 2410 dicebat,
462 2335 521 2397 nisi
544 2335 630 2420 quod
649 2347 729 2397 esset
749 2349 860 2420 turpe,
884 2338 1030 2423 adeoque
1049 2353 1184 2404 mortem

144 2462 352 2534 caeterasque
380 2451 461 2512 ritae
482 2451 695 2527 calamitates,
730 2469 813 2533 quae
840 2451 943 2513 alato
973 2452 1184 2517 immittantur

144 2563 276 2640 homini,
298 2564 427 2625 minime
443 2564 476 2624 in
495 2562 585 2625 malis
605 2584 672 2624 esse
691 2563 863 2628 habendas.
888 2566 974 2628 Haec
986 2579 1092 2628 autem
1105 2589 1184 2632 con-

144 2676 267 2739 solandi
290 2679 370 2739 ratio
387 2676 461 2757 jure
480 2677 647 2760 displicuit
670 2677 834 2754 Ciceroni,
859 2679 913 2762 qui
935 2701 1009 2741 eum
1030 2680 1185 2759 irridens,

144 2789 306 2852 dicebat:‘
327 2789 502 2852 Cleanthes
528 2793 718 2874 rapientem
748 2792 961 2873 consolatur,
988 2796 1049 2879 qui
1074 2816 1187 2859 euneo-

147 2905 276 2966 lata'oae
299 2926 365 2966 uon
383 2916 465 2989 eget.
499 2903 534 2967 N
537 2905 609 2967 itit
625 2907 715 2966 onim
734 2928 801 2967 esee
818 2906 966 2985 molum,
984 2908 1073 2993 quod
1088 2921 1188 2993 turpe

145 3041 212 3080 non
227 3021 294 3097 eit,
319 3021 352 3080 ai
378 3017 512 3103 lugenti
533 3022 768 3102 pererraaort's,
795 3042 861 3082 non
886 3032 924 3083 tu
950 3021 1012 3083 itti
1042 3020 1187 3102 luctum,

146 3131 205 3194 aad
225 3132 422 3195 stultitiam
438 3132 631 3195 detraxeris
641 3161 654 3210 ,·
680 3134 834 3198 alienum
850 3149 964 3199 autem
982 3149 1114 3221 tempus
1130 3136 1189 3199 do-

147 3243 288 3332 vendre)
324 3246 413 3310 Idem
438 3259 605 3330 praetcrea
624 3248 808 3312 Cleanthem
841 3250 1068 3334 reprehendit,
1101 3250 1187 3336 quod

98 3383 101 3388 ·
148 3383 210 3422 non
231 3360 304 3423 satis
325 3359 470 3437 vidisset,
502 3361 619 3444 suscipi
642 3360 737 3422 etiam
759 3362 931 3445 aliquando
953 3364 1188 3449 aegritudinem

150 3496 238 3556 posse
262 3496 298 3536 ex
328 3476 394 3558 ipsa
417 3474 637 3558 turpitudine,
671 3486 768 3558 atque
800 3473 844 3536 ita
876 3472 968 3537 nihili
998 3497 1063 3537 csse
1087 3478 1188 3560 ipsius

147 3588 418 3665 consolationem,
438 3609 539 3672 quum
556 3587 723 3650 ostendere
738 3588 872 3671 amplius
892 3611 955 3650 non
972 3601 1087 3673 posset,
1107 3588 1188 3652 illud

183 3787 210 3846 ll
247 3787 315 3834 Stob.
333 3788 401 3834 Flor.
423 3788 461 3833 tit.
479 3786 521 3848 98,
541 3787 573 3834 68
590 3789 634 3836 Ed.
649 3789 723 3836 Gaias.

183 3878 208 3940 2)
245 3880 300 3928 Vid.
318 3881 349 3927 de
366 3882 405 3928 hie
421 3882 549 3943 lleplroom
572 3883 660 3929 Corum.
681 3883 717 3929 de
725 3883 791 3946 pers.
812 3898 865 3946 sap.
886 3899 909 3945 p.
928 3879 977 3929 125
998 3899 1053 3945 sqq.

184 3970 210 4036 3)
247 3975 296 4022 Cic.
314 3977 389 4021 Tuae.
411 3976 440 4032 Q.
463 3977 507 4022 lll.
527 3974 568 4022 31.

186 4064 211 4128 l)
249 4067 498 4118 (toletalum.
