2648 4844
696 320 738 380 64

199 498 326 562 στώσαν
357 488 496 561 άλυπίαν
528 486 582 581 ὑφ’
614 493 727 581 ίτίρου
760 495 858 559 κακοῦ
884 492 1035 576 μείζονος
1066 487 1237 588 ὑπάρχειν,

199 598 366 694 ὠμότητος
387 599 408 693 ἢ
429 604 626 685 δοξοκοπίας
647 596 788 688 άκράτου
806 604 861 669 καί
875 597 1011 693 λύσσης·
1034 598 1087 672 διὸ
1103 598 1240 691 πάσχειν

198 745 230 786 τι
250 708 377 801 βέλτιον
399 708 493 796 εἶναι,
522 716 576 780 καί
597 716 792 795 λυπεῖσθαι,
815 715 883 795 καί,
913 710 948 804 νῆ
976 715 1055 797 Δία,
1084 717 1240 784 λιπαίνειν

198 825 276 906 τούς
297 819 496 917 ὀφθαλμοὺς
516 826 570 890 καί
590 818 757 914 τήκεσθαι.
792 832 882 911 Quae
905 832 964 894 viri
994 834 1151 896 sententia
1180 833 1239 897 ad-

199 957 345 1010 versatur
372 963 469 1028 quam
501 943 635 1006 maxime
665 943 737 1059 iis,⁸
754 965 838 1030 quae
868 944 908 1007 de
930 947 1071 1029 sapiente
1093 949 1238 1026 monuit,

201 1082 298 1147 quem
318 1058 517 1133 cruciatum,
540 1057 760 1135 verberatum,
785 1071 890 1121 tamen
909 1082 973 1123 non
994 1059 1120 1138 dolere,
1142 1061 1240 1125 immo

165 1210 168 1217 ,
200 1196 291 1251 vero,
313 1171 390 1234 siin
410 1156 586 1234 Phalaridis
608 1183 700 1234 tauro
719 1184 817 1249 esset,
838 1172 1092 1236 exclamaturum
1114 1175 1240 1238 essedi-

200 1289 305 1365 cebat,
326 1308 428 1372 quom
446 1308 547 1347 ευαυε
565 1298 615 1347 est
634 1284 715 1348 ltoe!
738 1308 840 1370 quum
859 1284 917 1348 Ιιοο
932 1310 997 1349 nou
1015 1295 1117 1351 euro!
1127 1286 1153 1374 ¹)
1179 1289 1241 1353 Sed

200 1398 516 1465 animadvertendum
538 1410 605 1486 est,
637 1420 711 1461 eum
730 1399 783 1463 hic
808 1399 848 1463 de
875 1401 1017 1484 sapiente
1039 1401 1150 1487 loqui,
1184 1405 1240 1489 qui

202 1516 323 1579 ratione
354 1536 410 1577 sua
441 1513 568 1575 vincere
601 1512 744 1576 dolorem
774 1525 805 1576 et
834 1516 985 1578 memoria
1016 1527 1241 1600 perceptarum

202 1631 402 1713 voluptatum
424 1627 490 1689 eius
510 1626 572 1688 vim
594 1627 741 1711 frangere
763 1627 917 1705 debehat,
950 1630 994 1691 ibi
1025 1651 1101 1692 vero
1129 1652 1240 1693 conso-

202 1746 296 1809 lantis
318 1742 460 1805 officium
481 1741 589 1818 chire,
622 1740 677 1803 uhi
699 1742 774 1804 talia
797 1743 892 1805 verba
922 1743 1001 1806 nihil
1031 1744 1071 1808 ad
1100 1746 1242 1808 animum

202 1857 373 1921 moerentis
391 1833 567 1919 ¹sedandum
585 1856 738 1920 valerent.

247 1972 338 2036 Misso
356 1979 466 2034 autem'
482 1969 633 2053 Epicuro,
656 1968 696 2031 de
712 1992 778 2056 quo
789 1970 869 2033 nihil
888 1973 1036 2055 amplius,
1059 1973 1166 2058 quoad
1186 1993 1241 2034 no-

202 2097 303 2148 strum
333 2095 581 2168 argumentum,
615 2086 785 2148 memoriae
815 2097 862 2148 est
891 2086 1071 2168 proditum,
1103 2087 1143 2150 de
1173 2087 1241 2149 eius

202 2198 360 2281 discipulo
393 2197 586 2259 Metrodoro
624 2198 713 2260 nobis
743 2212 790 2262 est
821 2201 999 2284 agendum,
1042 2222 1140 2286 quem
1175 2202 1240 2284 epi-

202 2313 314 2376 stolam
333 2311 373 2374 ad
394 2333 533 2374 sororem
553 2312 713 2394 scripsisse
733 2315 889 2391 novimus,
913 2336 977 2399 qua
999 2337 1069 2377 eam
1083 2315 1128 2377 'de
1140 2325 1241 2377 morte

201 2404 260 2489 filii
283 2426 420 2509 optimae
446 2424 562 2488 indolis
592 2428 772 2490 consolatus
802 2439 859 2492 est.
905 2405 993 2492 Fecit
1022 2439 1129 2492 autem
1159 2427 1240 2490 illud

201 2541 256 2617 ita,
279 2550 315 2603 ut
335 2537 515 2601 ostenderet
535 2538 669 2600 mortale
689 2562 755 2602 esse
778 2564 870 2603 omne
893 2545 1076 2606 mortalium
1099 2542 1239 2618 bonum,

201 2666 299 2740 atque
318 2654 361 2717 ita
382 2651 474 2715 bonis
495 2650 566 2727 his,
597 2651 637 2712 ad
660 2674 742 2737 quae
766 2633 990 2733 concurritur,
1022 2657 1152 2718 minime
1176 2676 1240 2717 esse

202 2766 445 2843 confidendum,
477 2764 598 2850 quippe
620 2786 703 2849 quae
729 2790 794 2831 uno
816 2768 867 2831 die
890 2770 994 2832 omnia
1016 2771 1113 2832 simus
1143 2769 1240 2832 amis-

202 2882 278 2946 suri.
291 2877 317 2967 2)
354 2882 444 2961 Quae
464 2900 565 2964 quum
588 2892 691 2943 essent
712 2881 810 2966 ipsius
832 2883 865 2945 in
887 2882 947 2946 hac
970 2884 1102 2967 epistola
1124 2883 1238 2959 verba,

201 3018 264 3059 non
284 2995 467 3058 dubitamus
490 2993 530 3056 ad
549 2993 682 3056 eandem
702 2997 840 3073 referre,
866 3018 948 3081 quae
966 2997 1034 3059 eius
1051 2997 1179 3059 nomine
1195 2997 1239 3059 le-

202 3109 305 3193 gimus
327 3106 413 3192 apud
434 3107 627 3169 Stohaeum:
658 3097 882 3188 ἑτοιμάζονταί
901 3127 995 3180 ’τινες
1023 3100 1077 3172 διά
1102 3106 1179 3189 βίου
1201 3099 1241 3171 τά

200 3211 287 3305 πρὸς
307 3241 365 3282 τον
385 3217 472 3299 βίον,
500 3209 696 3300 βιωσόμενοι
727 3209 810 3301 μετά
835 3210 874 3283 τό
902 3207 1071 3301 λεγόμενον
1100 3216 1171 3304 ζῆν,
1203 3208 1242 3282 οὐ
1280 3279 1282 3283 ,

202 3328 399 3416 συνορῶντες
421 3318 466 3401 oie
492 3327 592 3392 πᾶσιν
618 3319 693 3414 ἡμῖν
719 3319 901 3411 θανάσιμον
928 3318 1093 3414 ε’χκάχοται
1119 3320 1158 3392 τό
1185 3327 1241 3414 τῆς

200 3429 355 3525 γενέσεως
366 3429 546 3527 φάρμακον.
556 3437 581 3527 ³)
592 3423 629 3498 ’-
640 3430 734 3524 Πρὸς
754 3436 813 3521 μὲν
833 3430 874 3502 τά
890 3429 972 3501 ἄλλα
987 3428 1240 3525 δυνατόνάσφά-

201 3549 289 3616 λειαν
309 3549 532 3638 πορίσασθαι·
555 3542 648 3639 χάριν
670 3547 706 3614 δὲ
732 3539 892 3628 θανάτου,
921 3540 1040 3626 πάντες
1068 3542 1241 3639 ἅνθρωποι

239 3868 268 3932 l]
304 3869 355 3918 Cic.
373 3869 448 3917 Tuae.
469 3869 498 3925 Q.
516 3866 545 3917 ll.
567 3865 593 3929 7,
612 3867 641 3917 V.
661 3865 702 3917 26.
722 3866 792 3928 lliog.
806 3870 885 3917 Laert.
904 3869 931 3917 x.
953 3866 1008 3919 ¹77,

237 3961 268 4026 2)
304 3963 398 4010 Seneca
415 3963 501 4026 Epist.
517 3961 559 4012 98.
577 3963 599 4028 gl.
618 3961 642 4010 9.

236 4055 268 4119 3)
304 4057 372 4106 sloh.
392 4057 461 4106 Flor.
477 4057 516 4106 tit.
533 4055 575 4118 16,
593 4054 627 4103 20
642 4055 686 4105 Ed.
703 4056 778 4104 Gaios.
